2984 4850
228 330 315 402 m
581 346 614 394 c.
635 343 819 407 continuit
842 341 973 393 nsorrt.
1165 342 1327 418 [n.·.u.u'ro‚

228 490 318 576 ‘Jua3
333 493 473 567 namra,
487 487 620 553 laboras
633 485 812 564 educandi,
830 483 993 550 advorsus
1015 483 1166 551 mudum
1182 492 1217 551 et
1239 492 1327 552 ares

227 596 261 656 et
273 590 464 654 brevitatem
478 585 676 673 adoptionis'
698 591 904 651 enumerant:
928 587 1037 650 ‘satis
1059 587 1158 669 pretii
1176 605 1251 652 esse
1274 605 1327 650 or·
1479 647 1480 668 ,

227 691 307 769 uia·
320 689 411 773 quod
425 691 532 754 muita
543 688 734 767 securitate,
749 687 849 752 nullis
873 687 1039 766 onedbus,
1057 687 1209 770 gratiam,
1228 687 1329 753 lrortob
1365 683 1371 688 ’

228 858 343 918 must,
351 859 513 917 remeatque
519 854 565 917 jus
575 860 674 902 natura
685 857 713 902 et
722 866 797 902 curas
810 850 894 902 alendi
907 850 1010 912 liberos,
1021 856 1111 900 contra
1121 847 1248 912 flagitium
1259 848 1328 900 frau-

230 919 327 983 desque
346 918 462 979 brevium
479 918 657 981 adoptionum
674 917 754 966 nimio
774 917 833 980 plus
851 915 951 980 praemii
966 929 1024 964 esse
1042 914 1121 976 orbis,
1131 913 1201 978 qnod
1219 913 1329 978 plurima

229 982 426 1048 traquillitate,
435 982 513 1060 nullia
529 981 734 1032 solicitudinibus
745 980 872 1043 favorem,
891 979 1042 1044 dignitates,
1052 979 1138 1028 omnia
1148 975 1237 1028 facilia
1246 985 1276 1028 et
1284 993 1329 1030 ex·

692 1121 736 1140 ou
753 1119 870 1139 unone

229 1233 287 1284 ntra,
297 1219 338 1285 qai
347 1235 443 1284 nugas,
452 1226 481 1269 et
491 1219 529 1270 sie
547 1219 836 1334 Gronowkius,
847 1227 875 1270 et
885 1220 1041 1284 Bipont.—8
1059 1219 1100 1268 Sic
1116 1219 1215 1282 optime
1230 1219 1331 1268 Rhena-
1410 1199 1413 1208 ¹

230 1299 289 1334 nna.
321 1283 354 1334 iu
375 1285 439 1334 lisa.
462 1285 531 1334 Flor.
550 1285 618 1334 Bud.
764 1289 896 1334 sauma.
929 1285 980 1332 Ma.
999 1283 1077 1332 Corb.
1095 1285 1240 1332 daniam.
1267 1283 1331 1334 Mas.

232 1348 308 1406 Harl.
320 1350 377 1401 Jes.
389 1347 479 1399 Guelf.
495 1348 641 1401 nautis
667 1347 976 1411 Puteolanus,adeuatiii
994 1353 1087 1398 aalma
1096 1361 1187 1396 muana.
1219 1347 1277 1398 Pro
1289 1347 1331 1416 jus

724 1493 831 1544 NOTAE

264 1587 357 1652 Neque
373 1589 442 1638 enim
458 1589 514 1638 orbi
525 1588 579 1638 siue
590 1587 679 1638 farore
689 1601 763 1636 sena·
802 1589 842 1639 bis
861 1588 1076 1653 praeferebantur.
1109 1589 1171 1638 Veri
1187 1588 1268 1650 igitur
1287 1600 1331 1650 pa·

231 1661 310 1726 torio,
321 1664 438 1728 quamvis
449 1679 497 1728 per
512 1663 627 1712 fraudem
645 1671 762 1728 agerent.
804 1672 857 1716 tres
875 1666 974 1729 dicunt,
994 1666 1055 1716 satis
1074 1665 1152 1728 pretii
1173 1679 1232 1714 esse
1254 1662 1333 1727 orbis,

231 1736 368 1801 Hipatres
376 1753 433 1788 cum
441 1739 539 1788 invidia
548 1746 576 1789 et
587 1738 764 1802 indignatione
803 1740 871 1804 quod
893 1741 931 1789 ilii
951 1748 1059 1805 possent
1081 1739 1190 1804 adipisci
1212 1739 1332 1802 honores,

231 1813 413 1878 loquebantur,
429 1821 460 1864 nt
470 1816 689 1878 aiiornmpatrum
699 1813 764 1862 iuvi·
804 1817 881 1867 etiam
900 1816 922 1864 si
941 1817 1023 1865 nulius
1042 1815 1137 1864 liberos
1153 1815 1280 1864 tollerent
1290 1817 1350 1879 ant,

233 1886 303 1938 diam
323 1904 369 1939 seu
393 1889 596 1953 indignationem
620 1901 764 1937 commove·
804 1892 956 1951 educarent,
983 1897 1011 1940 et
1035 1891 1149 1954 iniquum
1176 1903 1244 1952 esse,
1265 1885 1334 1952 qued

232 1971 301 2027 rent,
311 1971 341 2015 ut
352 1979 381 2014 se
391 1964 555 2015 audientibus
567 1964 676 2013 eundem
688 1961 765 2012 effec-
805 1967 871 2029 orbi,
882 1959 952 2015 falsis
963 1965 1153 2029 adoptionibus,
1161 1977 1236 2013 veros
1246 1969 1336 2027 patres

234 2044 289 2088 turn
299 2038 428 2088 inderent.
805 2043 976 2093 excluderent
986 2048 1015 2090 et
1025 2038 1197 2089 ludificarent.

266 2112 361 2162 ‘Satis
375 2114 450 2178 pretii
458 2129 509 2163 ease
519 2109 593 2178 ordia]
617 2114 697 2163 Forte
708 2128 765 2163 sen·
838 2119 905 2168 Smin
912 2116 1000 2182 pretii]
1011 2117 1153 2182 Plusqnatn
1164 2111 1335 2178 satisprremii

234 2204 277 2240 tus
297 2196 348 2253 est,
365 2191 425 2240 tutta
440 2190 516 2252 pretii
536 2205 585 2240 crte
604 2189 677 2253 otiis,
696 2189 766 2253 quod
806 2194 953 2258 esseorbis,
969 2193 1036 2258 quod
1052 2193 1130 2242 nullis
1145 2189 1269 2240 oneribus
1285 2203 1336 2237 ma·

234 2265 376 2315 munitet
402 2265 512 2315 honores
545 2270 765 2330 assequerentur,
807 2269 932 2331 trimouii,
962 2267 1210 2330 educationibusque
1243 2264 1336 2316 ribaro-

233 2339 307 2406 (uam
323 2341 381 2390 orbi
392 2341 470 2391 etiam
486 2339 612 2403 Rempub.
627 2338 765 2403 gerebant,
806 2361 872 2408 rum,
899 2346 1007 2395 honores
1041 2343 1232 2408 dignitatesque
1260 2339 1336 2392 faede

154 2488 160 2491 ἡ
235 2422 264 2467 et
275 2415 418 2481 dignitates
428 2416 639 2481 adipiscebantur
645 2414 665 2478 ς)
676 2414 766 2478 sicque
807 2420 1027 2485 adipiscerentur:
1045 2419 1123 2469 ctiam
1142 2418 1164 2467 si
1179 2417 1249 2467 fictis
1259 2415 1337 2481 titiop-

235 2502 339 2559 patrutn
349 2502 412 2548 vota
422 2497 590 2559 adaequarent
608 2494 685 2543 nullis
705 2507 766 2543 one·
806 2497 919 2547 tionibus
930 2510 980 2544 uon
991 2500 1142 2558 arreperent
1153 2494 1266 2558 Relpnb.

236 2572 324 2632 sitast
342 2579 369 2621 at
378 2572 496 2636 patribus
507 2571 632 2633 promissa
642 2571 729 2631 legunt
739 2570 767 2617 in
841 2570 924 2633 Orbis]
943 2570 1024 2634 Orbn,
1038 2569 1106 2619 forto
1117 2570 1162 2633 qui
1178 2583 1242 2618 vere
1261 2569 1340 2631 adop·

234 2645 378 2704 ludibrium
386 2648 461 2707 verti,
470 2646 596 2696 dumorbi
606 2645 678 2695 falsis
687 2647 767 2709 adopt
808 2654 903 2709 tarent,
923 2654 951 2695 et
971 2646 1025 2695 sine
1045 2645 1208 2694 simulatione
1230 2644 1292 2704 ulla,
1312 2648 1340 2691 et

235 2719 358 2782 tionibus,
377 2721 449 2768 nulia
462 2720 626 2769 solicitudine
637 2727 683 2769 aut
693 2736 767 2782 cura,
784 2773 786 2777 ,
808 2724 853 2790 qui
864 2724 960 2787 adepta
969 2722 1047 2771 etiam
1058 2720 1187 2784 dignitate
1203 2718 1339 2781 adoptivos

235 2797 426 2859 longapatrum
444 2803 506 2846 vota
524 2797 703 2860 adaequarent,
720 2797 768 2845 im·
807 2796 1149 2859 filiosuonemenciparent.
1190 2792 1293 2841 Talibus
1302 2806 1341 2841 or-

235 2884 278 2921 nro
289 2876 316 2921 et
327 2869 395 2920 forte
416 2886 486 2935 sape
503 2870 672 2924 dubitaveris
689 2870 768 2933 patri·
808 2873 848 2922 bis
866 2884 958 2934 nempe
977 2870 1040 2919 satis
1058 2868 1169 2932 praemii,
1188 2866 1256 2932 quod
1271 2868 1341 2928 longa

237 2945 285 2996 bus
307 2946 415 3011 premia
442 2948 615 3011 preripereut
638 2945 696 2995 orbi
722 2946 769 3010 iiii,
808 2959 927 2996 verorum
940 2950 1036 3008 patrum
1054 2948 1109 2994 rota
1126 2944 1342 3007 aperiendoque·

235 3024 306 3076 trulla
333 3039 397 3073 eura
425 3023 562 3075 liberorum
598 3022 769 3072 tollendorum
807 3026 874 3086 rent..

237 3099 498 3166 auteducaudorum.
842 3098 937 3161 Neque
948 3110 1010 3145 vere
1025 3095 1181 3159 adoptantes
1191 3094 1343 3147 muneribus

269 3173 307 3224 At
318 3176 374 3224 reri
385 3185 483 3238 patres,
493 3176 585 3240 quibus
603 3176 685 3225 muita
700 3190 771 3238 cura,
810 3173 919 3235 exclusi,
930 3170 996 3221 iufra
1008 3172 1099 3221 eodem
1115 3171 1230 3235 rupted
1242 3176 1343 3220 tanturn

237 3262 290 3299 non
300 3248 454 3299 fruebantur
459 3250 522 3313 jure
534 3251 611 3301 trium
622 3251 770 3314 liberorum,
810 3249 931 3299 simulata
941 3248 1048 3311 adoptio
1064 3248 1163 3311 rejecta
1174 3254 1224 3297 est.
1258 3246 1345 3309 Igitur

237 3327 268 3378 nt
278 3324 452 3385 promiserant
463 3326 542 3386 leges,
551 3338 636 3388 neque
646 3324 770 3388 praeiere·
810 3326 872 3375 satis
891 3338 1013 3389 inagnum
1029 3323 1141 3387 pretinm
1159 3338 1215 3373 esse
1228 3321 1308 3384 orbis,
1318 3334 1345 3369 e·

239 3396 334 3447 bantur
352 3397 431 3461 orbis,
449 3403 479 3446 nt
498 3399 557 3461 lege
577 3407 682 3448 cautum
701 3406 769 3462 erat,
809 3401 1150 3464 tiamsivereadopturent3
1167 3398 1344 3448 etiamsinon

238 3478 347 3535 propter
366 3472 423 3522 ilias
441 3471 519 3522 tabas
539 3473 667 3538 fictasque
689 3474 773 3538 adop·'
809 3478 938 3543 fingerent
957 3476 1127 3541 adoptionem
1151 3478 1238 3539 sicque
1257 3474 1344 3539 legun

238 3544 332 3609 tiones,
352 3547 444 3610 quibus
462 3561 490 3596 ac
512 3548 635 3611 tegebant
655 3549 732 3611 orbi,·
741 3554 770 3597 et
810 3555 937 3618 promissa
946 3554 972 3602 in
983 3552 1123 3603 ludibrium
1136 3557 1281 3602 renerent.

239 3634 345 3686 quarum
356 3623 443 3684 specle
459 3622 603 3673 illudebant
619 3624 730 3687 Reipub.
741 3629 770 3675 et
843 3631 947 3693 Quippe
966 3635 1042 3693 turpe
1060 3628 1112 3678 fuit
1131 3628 1226 3677 talibuq
1237 3625 1344 3689 figmen-

238 3697 354 3761 legibus3
374 3705 402 3747 et
412 3698 493 3759 magis
505 3699 572 3747 veris
591 3699 717 3763 patribus,
725 3699 770 3764 qui
810 3705 854 3769 tis,
872 3720 946 3755 veros
966 3711 1054 3767 patres
1075 3704 1208 3765 deludere,
1230 3703 1344 3767 ipsisque

238 3779 378 3842 propterea
396 3773 438 3821 ¹¹³⁰
453 3775 515 3836 lm
525 3783 679 3838 queruntur,
691 3782 720 3825 tt
729 3791 771 3824 ⁸⁰·
810 3782 912 3832 debitas
923 3782 1114 3845 destinatusque
1126 3780 1267 3844 dignitates
1279 3794 1344 3842 prte-

238 3851 459 3908 l¹²i¹¹⁸⁰⁰⁰⁸¹¹¹i¹1⁸¹¹
480 3854 620 3911 P⁰⁸i¹¹¹⁸1¹it
639 3866 690 3916 (1¹1⁰
711 3851 771 3901 tulit
811 3858 905 3921 ripere,
916 3864 944 3906 et
960 3858 997 3905 sie
1009 3857 1152 3907 deridendo
1164 3854 1344 3920 eludendoqne

239 3924 362 3989 inituim
374 3925 401 3975 1¹¹
412 3932 541 3986 limium
554 3925 712 3975 wilwim-
811 3933 892 3995 leges,
911 3933 992 3994 ipsam
1012 3932 1141 3995 Rempub.
1161 3931 1269 3995 ejusque
1289 3942 1347 3993 pro·

272 4000 340 4049 Orbi
346 4000 434 4063 igitur,
443 4011 472 4048 ut
482 4008 554 4062 puto,
565 4001 771 4061 poterautetianr
812 4009 889 4056 missa
900 4005 1030 4056 frustrari,

240 4076 365 4140 sanequi
376 4076 525 4139 dignitates,
542 4076 588 4125 sed
606 4078 628 4125 si
648 4076 773 4140 competi·
845 4083 913 4133 Sam
921 4082 997 4145 prem
1004 4080 1280 4145 &vammum
1290 4094 1345 4129 m.

240 4157 312 4203 tores
323 4158 413 4216 patres
421 4152 558 4219 habereut,
565 4159 621 4205 tan
631 4162 722 4217 patrea
731 4167 773 4217 or,-
813 4172 856 4209 sns
870 4157 916 4225 ait,
932 4159 1054 4225 ananan
1064 4157 1127 4227 aaut
1145 4156 1226 4221 pretii
1237 4170 1294 4207 oasa
1304 4168 1344 4206 or-
