2984 4850
245 382 329 452 17⁴2
599 396 633 448 c.
654 395 837 445 cannuca
859 392 989 445 riorus
1182 394 1273 459 [so.
1286 364 1346 446 urs.

241 549 276 611 et
287 562 405 609 manus
419 544 612 625 perlaturos.
656 541 694 605 Si
709 541 826 622 copias
848 542 1060 614 armatorum,
1079 535 1113 599 si
1127 550 1250 599 causas
1260 530 1346 597 belli

239 665 355 715 secum
368 644 600 723 expenderent,
612 641 810 706 vincendum
821 640 880 704 illa
894 639 979 717 acie,
988 639 1042 703 vel
1057 635 1242 703 cadendum
1252 652 1344 699 esse.

242 746 284 812 Id
297 747 425 811 mulieri
439 746 656 810 destinatum:
679 744 828 819 viverent
842 739 920 806 viri⁶
934 745 968 804 et
989 736 1168 804 servirent?

283 848 338 913 86.
363 848 418 913 Ne
446 847 623 911 Suetonius
652 845 788 930 quidem
810 844 846 908 in
869 846 963 909 tanto
988 841 1179 906 discdmine
1205 836 1344 903 silebat:

240 950 323 1033 qui,¹
347 968 534 1033 quanquam
557 946 735 1012 confideret
751 947 874 1023 virtuti,
907 950 1015 1009 tamen
1042 940 1289 1008 exhortationes
1311 942 1347 1002 et

240 1070 355 1133 preces
384 1051 557 1126 miscebat,
588 1053 650 1114 ‘ut
678 1051 868 1130 spernerent
890 1051 1042 1121 sonores²
1064 1043 1347 1118 barbarorum,et

241 1153 355 1217 inanes
370 1154 493 1216 minas:
515 1152 592 1235 plus
606 1150 687 1215 illio³
703 1149 923 1225 soeminarum,
938 1165 1041 1231 quam
1050 1144 1236 1230 juventutis
1250 1141 1349 1225 aspi·

240 1254 293 1319 ci:
315 1254 490 1330 imbelles,⁰
510 1254 649 1317 inermes
663 1270 817 1316 cessuros
827 1250 948 1315 statim.
964 1248 1024 1311 ubi
1037 1247 1159 1311 terrram
1174 1244 1348 1309 virtutem·

240 1373 306 1439 que
332 1354 530 1417 vincentium
552 1353 672 1416 totiens
697 1350 767 1415 tusi
790 1351 1021 1432 agnovissent:
1052 1348 1153 1411 etiam
1171 1346 1207 1409 in
1228 1344 1347 1409 multis
1439 1362 1444 1371 ·

240 1454 427 1538 legionibus
446 1472 571 1536 paucos
590 1442 694 1530 csse,⁴
708 1454 767 1538 qui
781 1450 898 1534 praelia
911 1448 1141 1534 profligarent:
1164 1446 1347 1529 gloriaeque

241 1574 355 1619 eorum
371 1572 595 1630 accessurum,
611 1552 700 1639 quod
714 1552 846 1615 modica
864 1557 998 1614 manus5
1013 1550 1159 1612 universi
1173 1547 1346 1611 exercitus

239 1656 361 1720 famam
384 1654 650 1737 adipiscerentur.
696 1651 842 1716 Conferti
865 1655 1003 1728 tantum,
1033 1655 1067 1713 ct
1089 1651 1168 1732 pilis
1195 1647 1347 1724 emissis,

240 1761 319 1839 post
328 1755 526 1839 umbonibus
542 1760 577 1817 et
590 1752 722 1835 gladiis,
738 1759 883 1831 magen:
898 1750 1090 1832 caedemque
1105 1749 1348 1826 continuarent,

240 1856 366 1938 praedae
391 1856 614 1917 immemores:
637 1856 732 1934 parta
756 1848 911 1925 victoria,
927 1856 1050 1913 cuncta
1071 1850 1154 1932 ipsis
1184 1846 1348 1913 cessura!

241 1956 278 2020 Is
292 1955 389 2019 ardor
400 1951 609 2018 verba'ducis
625 1951 836 2033 sequebatur,
850 1950 899 2013 ita
919 1968 956 2012 se
973 1950 1016 2012 ad
1036 1950 1257 2033 intorquenda
1270 1950 1347 2032 pila

239 2054 434 2137 expedierat
456 2057 551 2116 vetus
572 2051 669 2114 miles
683 2056 715 2114 et
729 2050 833 2114 multa
846 2050 1039 2131 praeliorum
1059 2051 1279 2134 experientia,
1305 2054 1347 2113 ut

240 2161 347 2219 certus
362 2150 514 2217 eventus
529 2151 717 2230 Suetonius,
732 2150 828 2214 daret
840 2169 960 2233 pugnae
975 2151 1116 2234 signum.

240 2320 324 2368 animo
340 2330 474 2366 numerum
493 2316 656 2377 bellatorum,
674 2316 695 2363 ri
718 2329 810 2365 causas
829 2328 968 2378 armorum,
986 2314 1160 2380 superandum
1179 2316 1226 2365 illa
1244 2328 1351 2378 pugne,

238 2384 280 2433 vel
297 2382 457 2446 pereundum
473 2395 540 2432 esse.
573 2377 605 2431 ld
622 2379 732 2431 foeminae
751 2386 891 2430 emturum:
914 2381 993 2432 vitam
1011 2380 1059 2431 viri
1074 2380 1229 2443 retinerent,
1241 2386 1271 2429 et
1288 2393 1344 2431 ser·

240 2449 356 2499 vitutem.

272 2513 311 2560 Ne
330 2511 458 2560 Suetonius
478 2511 570 2573 quidem
588 2508 614 2558 ia
634 2513 701 2558 tanto
716 2510 820 2572 periculo
833 2510 941 2566 tacebat:
957 2509 998 2572 qui
1008 2510 1063 2559 licet
1073 2508 1217 2568 fortitudini
1236 2521 1346 2557 suanum

236 2577 331 2638 fideret,
341 2580 419 2624 tumea
436 2575 599 2634 incitamenta,
611 2577 635 2621 st
645 2587 724 2636 preces
732 2575 845 2623 addebat:
857 2581 887 2623 ut
905 2579 1052 2624 temnerent
1066 2573 1179 2621 ulalatus
1203 2573 1345 2621 Britanno·

238 2645 337 2700 rum,et
355 2652 435 2685 vanas
452 2638 683 2686 comminationes:
701 2638 788 2700 plures
805 2637 859 2687 illic
876 2638 989 2700 spectari
999 2638 1130 2698 mulieres,
1139 2650 1215 2699 quum
1227 2635 1344 2686 milites:

238 2701 374 2762 invalidos,
395 2700 515 2760 inermes,
534 2699 699 2757 abscessuros
719 2701 808 2749 statim
830 2707 910 2765 atque
931 2702 978 2764 ipsi
1000 2700 1244 2749 animadvertissent
1268 2713 1344 2748 arms

238 2765 342 2828 vimque
358 2763 527 2822 vincentium,
542 2763 622 2812 toties
633 2763 700 2826 pulsi
716 2761 860 2827 fugatique.
893 2765 979 2813 Etiam
995 2765 1064 2813 inter
1076 2764 1198 2826 plurimas
1213 2764 1343 2827 legiones,

236 2843 333 2892 paucos
344 2841 410 2888 esse,
421 2827 465 2890 qui
474 2828 574 2876 hostem
585 2827 727 2885 vincerent,
738 2828 857 2890 bellaque
869 2835 1018 2891 patrarent:
1035 2829 1061 2876 tc
1071 2841 1236 2878 accessurum
1248 2827 1343 2876 decori

236 2895 349 2955 illorum,
360 2892 427 2955 quod
444 2890 544 2939 modico
558 2890 666 2952 agmine,
678 2890 758 2939 totius
776 2891 906 2940 exercitus
922 2892 1029 2954 gloriam
1046 2897 1236 2952 compararent.
1271 2891 1342 2940 Con·

238 2957 337 3022 globati
357 2955 525 3012 salurnmodo,
542 2963 570 3003 et
583 2953 680 3016 jaculis
693 2955 833 3017 exhaustis,
856 2954 915 3004 dein
928 2956 1025 3020 clypeis
1037 2961 1065 3003 et
1080 2955 1183 3003 ensibus
1199 2955 1340 3017 impellere

235 3029 314 3087 atque
323 3019 443 3070 occidere
456 3024 661 3082 perseverarent,
673 3019 787 3080 praedem
799 3026 964 3081 spernentes:
977 3024 1111 3082 reportata
1120 3018 1240 3077 uictoris,
1251 3021 1342 3068 omnia

237 3099 317 3148 penes
327 3086 396 3148 ipsos
404 3083 500 3134 futura.
535 3083 612 3131 Tanta
621 3082 734 3131 alacritas
744 3083 931 3132 exhortationem
941 3083 1009 3132 ducis
1019 3087 1097 3130 seems
1108 3087 1152 3142 est,
1162 3082 1200 3130 ita
1207 3083 1239 3130 ad
1248 3083 1341 3131 immit-

236 3151 308 3198 tenda
316 3150 365 3198 tela
373 3161 397 3196 se
405 3151 580 3210 preparaverat
591 3150 695 3195 suatur
703 3153 726 3195 et
737 3147 840 3210 plurima
849 3147 1002 3196 certomianm
1010 3147 1099 3210 peritia
1108 3147 1184 3209 mites,
1195 3151 1222 3194 st
1243 3146 1341 3209 &aare

234 3213 315 3275 preld
330 3214 396 3260 daret
409 3211 668 3274 &tumescentia
680 3210 911 3261 victorianensem.
956 3255 959 3259 .

235 3384 402 3444 recentiores,
413 3385 520 3436 millium.
536 3385 701 3437 Brutina—ti
717 3386 832 3435 Budens.
841 3387 947 3436 visunt
958 3393 982 3435 et
992 3387 1053 3435 airis
1058 3401 1120 3436 urs.

270 3455 283 3498 l
302 3449 351 3504 Qut
368 3449 441 3497 abest
458 3462 474 3496 a
492 3449 556 3498 litus.
567 3449 632 3512 lieg.
645 3450 724 3500 Corb.
738 3457 767 3497 et
783 3449 899 3500 editione
920 3451 1096 3514 principe-2
1112 3451 1156 3500 lta
1172 3451 1236 3500 Mss.
1247 3450 1337 3501 Vatic.

236 3514 306 3563 Flor.
326 3514 391 3576 Reg.
410 3511 490 3562 editio
510 3512 631 3576 princeps
648 3520 676 3562 et
689 3513 855 3564 recentiores.
887 3515 971 3578 Supra
990 3513 1083 3563 Annal.
1106 3527 1144 3564 rr.
1161 3520 1202 3565 48.
1223 3515 1338 3565 Tacitus

236 3577 313 3640 dixit,
323 3591 425 3627 sonores
443 3577 541 3625 ulterius
554 3577 647 3640 praelii:
664 3583 692 3626 et
707 3575 803 3625 Annal.
814 3592 834 3626 1.
846 3582 886 3627 6⁵.
896 3579 904 3605 ‘
916 3579 977 3626 laeto
989 3584 1076 3639 cantu,
1088 3586 1134 3627 aut
1146 3578 1212 3628 truci
1223 3580 1337 3628 sonare?

235 3641 403 3698 Puteolanus,
414 3655 516 3690 sanum.
539 3639 698 3690 Brunca-3
715 3640 770 3688 litte
780 3641 854 3691 abest
866 3658 881 3690 a
892 3642 945 3690 ltts.
956 3643 995 3690 Re
1016 3676 1023 3690 .
1035 3643 1193 3691 eteditione
1205 3642 1338 3706 principe.

234 3709 283 3753 -4
301 3706 361 3754 Esse
377 3705 481 3754 abesto
501 3705 564 3753 Mss.
578 3705 640 3780 fleg.
657 3704 735 3754 Corb.
753 3711 786 3770 et*
794 3705 908 3755 editione
926 3706 1102 3769 principe-b
1119 3706 1162 3755 lta
1182 3706 1247 3755 Mas.
1265 3707 1337 3755 Flos.

234 3768 303 3832 Reg.
325 3769 400 3817 Harl.
418 3768 492 3816 Bodl.
512 3769 566 3820 Jes.
586 3768 666 3818 editio
686 3769 805 3832 princeps
821 3775 850 3818 et
860 3770 1027 3818 recentiores.
1061 3770 1337 3832 Ptrteolanus,modics

234 3848 313 3895 mauu,
323 3838 351 3882 et
361 3833 397 3882 sic
409 3833 573 3882 Gronau-ti
590 3832 730 3896 Displicet,
739 3838 817 3882 certas
825 3837 919 3882 secatus
929 3833 1062 3883 Suetonius.
1095 3835 1139 3884 Ob
1150 3833 1264 3896 moestus
1272 3835 1337 3883 mul·

729 3961 836 4013 NOTAE

264 4059 276 4082 ⁰
293 4049 410 4111 Inbelles]
430 4049 761 4114 lntelligitsexumsequia-
801 4051 1249 4114 rosiucondttos,et,saomore‚nou
1252 4051 1335 4115 justis

234 4140 297 4184 rem,
305 4127 365 4191 quia
375 4127 463 4174 multae
475 4124 586 4186 faemina:
597 4126 760 4176 inexercitn.
801 4128 880 4176 armis
901 4127 1056 4177 instructos:
1077 4127 1119 4176 rel
1136 4127 1237 4178 lucrm
1253 4127 1334 4176 indis·

233 4204 269 4253 Et
277 4217 324 4266 per
331 4202 440 4266 imme,
448 4203 518 4266 ipsas
527 4202 604 4267 viros,
612 4215 657 4252 seu
668 4202 762 4252 berbe-
801 4203 883 4254 tincte
893 4202 1033 4254 intellexit.
