2984 4850
235 339 325 415 loos
589 356 623 406 o.
645 351 827 405 comm
850 352 978 403 uaorrr
1177 355 1224 423 [a.
1233 358 1339 414 nau,

277 500 333 565 12
355 498 577 579 Mirotamen
600 499 780 564 certamino
803 494 1209 582 procerumdeoernuntur
1230 500 1338 587 ‘sup-

144 593 146 596 '
234 600 436 687 [δαείω
460 601 553 684 apud
573 600 686 665 onais
708 600 925 683 pulvinaria,¹¹
943 603 1045 681 utque
1060 595 1339 680 Quinquatrus3¹'

236 703 359 785 quibus
382 708 506 785 apertae
520 708 632 767 essent
653 702 815 779 iusidiae,²
828 699 919 764 ludis
933 700 1056 763 mnis
1073 698 1313 765 celebrarentur
1328 722 1337 767 r

237 810 394 869 aureum'
420 802 583 867 Minervae
603 802 819 865 simulacrum
840 800 876 863 in
888 802 994 878 curia,
1014 806 1048 863 et
1056 800 1159 884 juxta
1173 798 1344 887 Princip'n

236 904 602 999 imago¹statueretur2
625 903 698 967 dies
724 902 846 965 natalis
869 900 1066 993 Agrippinae
1089 903 1172 966 inter
1193 900 1341 967 nefastos

236 1002 345 1069 esset’
385 1005 538 1067 Thrasea
565 1004 696 1079 Paetus,
724 1004 857 1067 silentio
881 1004 934 1069 vel
955 1002 1048 1065 brevi
1061 1021 1197 1067 assensu
1210 1002 1339 1085 priores

234 1104 458 1173 adulationes
478 1107 698 1169 transmittere
712 1106 842 1183 solitus,
857 1105 940 1169 exiit
952 1109 1033 1167 tum!
1050 1102 1198 1180 Senatu,⁸
1219 1122 1260 1167 ac
1273 1103 1341 1171 sibi

258 1230 380 1283 ,Maxima
398 1235 477 1279 tornes
497 1230 644 1279 contentione
660 1228 790 1294 prirnnurn
806 1231 943 1277 annuatur
953 1224 1156 1290 supplicationes
1169 1225 1239 1289 apud
1249 1240 1339 1277 omnes

237 1298 383 1351 trenetur
400 1294 584 1357 Quinquatrus,
601 1293 693 1357 quibus
705 1290 865 1354 patefactum
877 1289 978 1339 facinus
990 1297 1067 1349 esset,
1087 1304 1170 1337 annuo
1187 1292 1341 1353 spectaculo

236 1358 392 1407 colerentur.
426 1356 512 1405 Attren
520 1358 646 1405 Minervae
657 1354 755 1417 effigies
767 1357 792 1403 iu
804 1362 905 1413 senatu,
921 1360 947 1403 et
960 1368 1041 1417 prope
1052 1354 1112 1401 lanc
1132 1353 1240 1403 Caesaris
1251 1360 1340 1404 status

237 1414 1230 1483 collocaretur3dies,qtronataessetAgrippina,interinfaustosltaberetur.
1266 1420 1341 1469 llttn·

236 1497 277 1533 sea
296 1485 389 1548 Palus,
397 1485 438 1548 qui
446 1484 618 1547 pestilentium
628 1486 664 1533 ael
675 1483 767 1532 breona
777 1496 893 1532 mensura
903 1481 1035 1545 superiores
1053 1482 1220 1531 aumtuiotres
1229 1483 1341 1533 Patruus

271 1678 286 1725 1
302 1674 403 1725 Vitiare
427 1674 491 1723 Mss.
509 1675 585 1725 Harl.
609 1674 683 1725 Bodl.
701 1675 757 1725 Jes.
774 1680 804 1724 et
815 1674 983 1737 Puteolanus,
993 1674 1151 1737 quinquatria.
1183 1673 1214 1723 Iu
1225 1672 1341 1722 editione

237 1738 368 1802 principe,
377 1738 532 1801 quisquatffl.
565 1739 596 1788 Iu
616 1740 668 1789 Ms.
687 1738 766 1806 Qorb.
788 1738 962 1801 quinquatriis:
990 1738 1059 1802 quod
1072 1752 1161 1787 errore
1178 1736 1340 1785 librariorum

238 1808 324 1852 ortum
335 1818 368 1849 ex
379 1804 541 1865 quinquatrus.
556 1802 721 1851 Breues-2
737 1802 802 1851 Mss.
814 1803 885 1851 Flor.
905 1800 994 1850 Guelt‘.
1017 1803 1058 1850 ed.
1068 1815 1108 1863 pr.
1118 1802 1212 1849 insidia
1222 1804 1341 1849 essent-⁴

239 1870 255 1914 8
271 1866 316 1915 Sic
327 1865 394 1915 bene
403 1866 506 1929 Lipsius
518 1875 547 1915 et
558 1865 726 1915 recentiores.
760 1866 792 1914 In
809 1866 875 1914 Mss.
895 1866 970 1913 Harl.
988 1865 1063 1914 Bodl.
1073 1866 1128 1915 Jes.
1140 1866 1205 1927 neg.
1216 1872 1245 1913 et
1251 1864 1343 1913 editio·

237 1943 284 1979 nes
297 1935 409 1990 veteres,
431 1931 532 1979 exim
550 1930 652 1979 nutu.
687 1928 815 1993 lipsianae
831 1929 1005 1977 emendationi
1025 1926 1183 1989 suffragatur
1201 1928 1263 1987 Dio,
1284 1940 1342 1977 ur.

238 2006 266 2056 p.
278 1997 336 2043 oto.
368 1994 398 2042 ‘0
408 1993 527 2042 Πούπλιος
539 1992 564 2041 tt
575 1993 604 2050 tt,
611 1990 717 2057 Θρασέας
727 1996 816 2042 Παῖτος
825 1991 884 2051 ἦλθε
902 1990 946 2051 μὲν
958 1994 981 2041 dr
991 1990 1020 2040 τὸ
1030 1990 1156 2055 συνέδριον,
1175 1990 1215 2041 sal
1224 1993 1267 2049 rire
1277 1992 1342 2040 irra-

237 2058 313 2115 ronirs
322 2054 457 2115 ἒιήκουσεν·
468 2057 658 2118 ἀναγνωσθείσης
668 2056 694 2105 δὲ
705 2057 787 2116 αὐτῆς,
807 2057 819 2104 l
831 2055 920 2115 ανέστη
937 2074 965 2105 τε
987 2055 1063 2117 εὐθὺς,
1083 2056 1137 2118 πρὶν
1147 2058 1186 2103 real
1197 2056 1275 2103 nnn
1285 2056 1344 2104 bsa-

237 2119 365 2183 sermea,
380 2120 421 2169 stul
438 2121 529 2182 ὶξῆλθε·
546 2118 686 2181 Mutuo
704 2122 791 2179 ἤθελεν
808 2123 890 2180 erreis,
908 2120 951 2168 οὐκ
971 2119 1080 2180 ἠδύνατο,
1100 2118 1116 2168 ἃ
1134 2118 1159 2167 δὲ
1177 2118 1288 2180 ἠδύνατο,
1299 2120 1342 2169 οὔκ

237 2185 340 2241 menes:
360 2186 369 2214 ⁴
386 2184 495 2235 Publius
515 2185 631 2234 Thrasea
648 2184 739 2235 Paetus
761 2186 834 2234 venit
856 2185 882 2233 in
901 2191 1028 2245 senatum,
1039 2192 1067 2233 et
1078 2172 1215 2248 epistolam
1233 2184 1342 2233 audivit.

733 2324 845 2377 NOTAE

270 2433 283 2457 ¹¹
299 2423 488 2488 Supplicatiorres
498 2422 649 2488 apudornrtia
661 2423 770 2487 pultine
842 2422 1045 2488 vQuinquatrus]
1078 2425 1171 2474 Nonne
1194 2423 1250 2488 jara
1279 2431 1342 2475 ante

237 2500 289 2564 rio]
305 2501 416 2551 Fiebuut
426 2501 486 2550 olim
495 2501 697 2564 supplicationes
705 2501 770 2550 urbe
811 2499 1027 2550 celebrabantur?
1063 2500 1128 2548 Dixi
1149 2499 1217 2548 enim
1233 2499 1266 2550 de
1288 2501 1343 2564 gla-

238 2582 304 2640 tota,
321 2577 391 2627 circa
407 2573 771 2642 omniasanaetpnlriuaria,
811 2573 963 2625 diatoribus.
1003 2575 1055 2625 Sed
1080 2582 1147 2638 pute
1166 2574 1210 2624 hic
1229 2574 1343 2640 intelligi

237 2652 265 2700 in
276 2651 367 2716 quibus
377 2653 456 2701 bonos
467 2651 526 2700 Diis
539 2652 658 2701 dabatur.
811 2652 927 2700 scenicos
940 2651 1014 2701 ludos
1026 2661 1132 2713 snmros,
1141 2656 1186 2700 aot
1195 2651 1342 2702 Circenses.

271 2727 355 2775 Erant
366 2741 427 2775 vero
436 2726 580 2790 puluinaria,
592 2725 710 2789 apparati
720 2726 772 2776 De·
812 2727 916 2792 Lipsius.

237 2815 311 2850 orum
322 2801 396 2863 lecti,
406 2801 432 2850 in
444 2800 536 2865 quibus
545 2801 659 2850 Deorum
671 2799 773 2849 simula·
843 2809 860 2835 v
868 2802 985 2868 Aureum]
994 2803 1106 2864 Primus,
1114 2809 1180 2853 teste
1187 2803 1287 2853 liriol.
1297 2818 1342 2854 xa.

238 2890 284 2925 cra
299 2875 381 2940 juxta
401 2890 457 2925 aras
480 2874 597 2924 sublimis
615 2880 698 2939 erant,
714 2875 771 2939 qui·
810 2877 935 2927 ‘Marcus
962 2878 1061 2928 Acilius
1089 2879 1197 2928 Glabrio
1221 2878 1343 2930 duumvir

238 2953 287 3002 btts
293 2950 410 3002 fasciculi
419 2951 589 3001 verbenarum
598 2950 769 3000 addebantur.
810 2959 921 3002 statuam
932 2962 1059 3014 auratam,
1070 2969 1128 3018 quae
1138 2954 1221 3016 prima
1229 2954 1342 3004 omniurn

237 3029 360 3093 lupanas
809 3027 836 3077 ia
855 3027 933 3078 ltalia
944 3030 1028 3092 posita
1048 3028 1108 3092 fuit,
1126 3028 1194 3092 patri
1206 3028 1343 3080 Glabrioni

270 3103 421 3167 Puoismia]
437 3104 519 3153 Erant
540 3102 631 3152 lectuli
648 3103 770 3166 plumari-
810 3103 912 3167 posuit!

237 3177 286 3226 bus
308 3179 393 3240 strati,
415 3179 509 3242 quibus
518 3179 641 3241 imagines
652 3180 769 3230 Deorum
842 3186 855 3212 ¹
875 3179 1097 3244 Principiet'rrtago]
1112 3181 1344 3231 Taliaassentatio·

238 3251 396 3313 statuebant,
407 3253 480 3315 qussi
492 3252 634 3316 quieturos,
643 3252 770 3318 festisque
811 3270 869 3304 nunt
890 3255 1010 3319 prodigis
1027 3257 1086 3305 olim
1098 3264 1233 3318 spreverat
1243 3256 1345 3306 Tiberi·

238 3325 322 3389 epulis
332 3325 509 3389 excipiebant.
542 3326 623 3377 Dicta
637 3330 715 3377 etiam
724 3331 770 3378 lea-
811 3345 856 3378 us:
875 3329 1051 3394 prolubuerat,
1070 3344 1103 3378 ne
1121 3330 1245 3392 imagines
1262 3329 1343 3392 ipsius

237 3401 358 3451 sistorum
391 3403 512 3452 Lactant.
529 3416 581 3452 vn.
604 3404 769 3454 ‘Lectister-
810 3411 988 3454 statuerentur
1003 3404 1029 3452 in
1050 3404 1165 3454 delubris
1176 3406 1245 3453 inter
1259 3403 1343 3453 nunti·

238 3476 310 3526 trium
332 3477 436 3528 Cereris
456 3478 506 3526 erit
527 3477 616 3527 Idibus
639 3479 770 3542 proximis.
810 3496 850 3538 na,
864 3481 909 3529 sed
927 3486 1028 3530 tanturn
1050 3480 1119 3527 inter
1137 3487 1288 3530 ornamenta
1298 3479 1343 3528 tlo-

240 3552 347 3604 Habent
368 3555 435 3614 enim
456 3553 503 3604 Dii
523 3554 616 3616 lectos,
634 3562 712 3620 atque
741 3562 771 3605 ut
810 3571 922 3604 morum:
940 3555 985 3604 sed
998 3553 1344 3616 indiesiuvaleacrtudulals'o,

239 3627 330 3678 stratis
348 3630 447 3692 possint
469 3629 628 3679 mollioribus
639 3629 770 3693 incubare,
810 3633 1003 3693 corrurupitque
1013 3629 1183 3686 dominantes.
1195 3630 1277 3678 donee
1286 3635 1342 3678 tsn-

160 3720 163 3725 ’
183 3762 188 3770 ι
239 3704 402 3768 pulvinorum
421 3703 522 3753 tollitur
539 3709 617 3768 atque
639 3706 772 3755 excitatur
812 3705 870 3756 dem
882 3707 1016 3755 subvertat
1028 3705 1222 3769 principemque
1232 3710 1260 3754 et
1273 3704 1343 3768 pria·

238 3780 390 3844 impressio!
812 3786 935 3847 cipatum.

271 3858 308 3907 Et
328 3857 438 3906 babetur
458 3858 519 3921 qrrid
539 3857 623 3907 simile
641 3859 659 3907 1.
669 3872 689 3907 1.
705 3858 770 3920 Reg.
843 3866 854 3902 r
871 3859 968 3908 Priores
978 3857 1136 3920 adulationes]
1151 3857 1183 3906 Id
1194 3862 1244 3917 est,
1255 3857 1342 3908 aduls-

238 3931 333 3982 ‘Tulit
357 3932 453 3981 Michol
479 3938 601 3995 statuam,
627 3938 654 3980 et
682 3933 770 3994 posuit
810 3935 902 3994 tiones,
912 3949 967 3996 qna·
980 3933 1094 3982 antesin
1107 3932 1343 3985 senatuberisole·

239 4025 383 4074 samsuper
392 4012 499 4069 lectum,
509 4018 537 4058 et
549 4010 642 4072 pellem
661 4011 770 4073 pilosam
810 4010 891 4068 bant3
912 4025 971 4059 uam
998 4010 1048 4059 hae
1067 4010 1205 4060 occasione
1233 4010 1340 4060 Petrum

238 4098 373 4148 capnrnm
396 4086 483 4147 posuit
501 4085 534 4134 sd
554 4090 635 4148 caput
655 4085 722 4148 ejus,
741 4093 770 4136 et
810 4085 972 4135 adulationes
981 4099 1032 4134 non
1044 4085 1166 4134 sustinuit
1184 4085 1284 4146 Paetus,
1295 4085 1341 4136 sed

239 4161 411 4225 opernitesm
422 4159 601 4213 assumentis!
619 4160 704 4214 Auel.
809 4175 825 4212 e
841 4161 915 4214 curia
931 4161 1021 4214 statim
1032 4175 1060 4212 se
1070 4161 1209 4227 proripuit,
1223 4163 1297 4230 velut
1307 4177 1346 4232 en⁴
