2984 4850
152 420 290 484 scen]
432 430 437 439 ·
500 414 706 471 uuusnruu
731 416 806 471 cru.
830 417 912 467 xiv.
1173 404 1264 481 1653

152 554 274 627 lunireok
293 557 411 635 inerat,
432 552 472 627 et'
489 558 685 633 ancillarum
703 580 793 633 una:
825 564 932 645 magis
961 582 1002 637 ee
1026 563 1134 648 magis
1157 567 1261 643 anxie

153 657 353 744 Agrippina,
382 659 471 744 qnod
495 678 636 729 nemon
663 658 756 739 tilio,l
784 682 826 727 ac
848 684 890 727 ne
913 662 1078 747 Agerinus
1104 667 1258 754 quidem:

154 762 279 829 atone
302 761 371 829 tere
386 762 512 846 littore⁵
526 760 647 833 taciem
661 784 758 842 nune,
774 764 999 832 solitudinem¹¹
1014 786 1054 830 ac
1068 768 1259 851 repentinos

153 863 309 945 strepitus
323 869 357 931 et
369 860 523 932 extremi⁶
536 863 616 930 mali
641 864 778 933 indicia.
824 865 976 929 Abeunte
992 865 1108 929 dehine
1123 868 1256 947 aneilla,

154 966 223 1026 ‘tu
254 983 388 1047 quoque
415 983 469 1027 me
497 963 643 1043 deseris,’
669 958 859 1048 prolocuta,
899 967 1038 1049 respicit
1065 966 1255 1048 Anicetum,

152 1063 330 1130 trierarcho
360 1064 553 1143 Herculeo,⁰
581 1073 614 1130 et
643 1065 809 1147 Oloarito,
840 1066 1042 1135 Centurioue
1072 1068 1255 1148 classiario,

152 1164 364 1231 comitatum:
388 1185 441 1242 ee,
455 1166 511 1235 ‘si
535 1165 580 1232 ad
600 1168 775 1244 visendum
801 1170 958 1247 venisset,
984 1170 1122 1235 refotum
1144 1171 1254 1243 nunti·

151 1270 239 1332 aret:
262 1267 315 1330 sin
334 1267 464 1334 facinus
486 1272 688 1360 patratum,
703 1270 785 1336 nibil
798 1289 835 1335 ee
862 1270 903 1334 de
926 1270 995 1335 lilio
1016 1270 1167 1351 credere;
1189 1290 1255 1335 non

146 1452 194 1531 cite
203 1454 349 1531 Agrippina,
359 1458 420 1519 quod
429 1470 495 1533 mmo
506 1456 607 1506 veniret
623 1472 639 1510 e
654 1458 760 1533 Nerone,
777 1472 805 1509 uc
816 1471 845 1507 ee
855 1455 1097 1532 Agerieusquidcm:
1114 1456 1186 1505 olium
1197 1455 1253 1531 sere

142 1525 573 1645 uetustum
583 1521 1160 1649 inutilitatediluimus
1170 1518 1254 1635 itt:

145 1651 196 1695 turre
211 1648 463 1710 stipatumflcrculce
473 1649 613 1709 trierarcho,
628 1657 651 1697 et
670 1650 778 1699 Obarito
793 1649 928 1699 centurione
946 1648 1076 1700 ctotciurio.
1109 1648 1159 1697 Cui
1177 1648 1253 1708 dixit,

145 1711 278 1760 circuiret
297 1713 338 1761 illc
353 1713 386 1760 ed
402 1712 574 1772 invisendum,
592 1711 704 1764 referret
713 1714 827 1777 principi,
839 1729 864 1763 ee
876 1711 1000 1765 refectam
1016 1727 1046 1761 cx
1057 1712 1167 1768 column·
1183 1712 1252 1779 quod

146 1774 167 1829 si
178 1775 210 1823 ad
227 1776 435 1840 perpetrandum
444 1778 538 1840 scelus,
548 1776 610 1825 nihil
627 1792 655 1825 se
666 1778 714 1826 tule
726 1778 759 1825 de
773 1776 836 1851 tilio
845 1777 966 1837 eredere;
982 1790 1029 1825 nec
1043 1776 1143 1840 jussam
1162 1776 1252 1824 matris

609 1904 789 1925 ‘tumeant

175 1989 190 2031 5
207 1983 239 2034 lu
258 1986 380 2035 Melllor.
393 1985 458 2049 lieg.
475 1993 504 2035 et
514 1986 630 2035 editione
662 1986 773 2051 rineipe,
790 1984 924 2045 cliamsore
934 1986 1019 2035 lateret
1031 1982 1131 2043 sueim
1148 1982 1180 2031 In
1197 1982 1251 2034 Ms.

146 2047 225 2097 corb.
238 2050 322 2099 lutere.
342 2050 374 2099 In
386 2051 451 2100 Mss.
464 2049 537 2100 Harl.
548 2051 625 2099 Bodl.
637 2000 773 2109 ferdere.-
791 2061 817 2100 at
827 2052 853 2101 in
867 2050 918 2099 Ms.
929 2050 1004 2099 Heri.
1017 2046 1248 2103 emendatnmsere.

142 2110 303 2163 Puteolanus
320 2114 446 2176 correxit,
456 2115 529 2163 oliam
539 2113 596 2174 fere
611 2114 798 2175 littorefucc'em.
833 2114 951 2177 Ryclrius
973 2112 1110 2175 legendum
1131 2112 1248 2175 conjicit,

141 2178 212 2227 elium
226 2183 283 2227 ante
293 2176 361 2235 soree
370 2177 470 2236 sociem.
505 2178 546 2227 Ad
558 2193 660 2227 sensum
672 2185 700 2229 et
711 2185 827 2229 veterem
845 2179 1002 2243 scripturum
1013 2176 1174 2240 aptissimum
1186 2176 1249 2228 mibi

144 2240 256 2303 videtur,
269 2242 343 2291 aliam
352 2242 421 2303 soree
438 2248 495 2292 arte
512 2257 591 2297 rerum
601 2243 707 2302 sociem:
720 2244 789 2307 quod
802 2244 862 2293 olim
874 2241 944 2293 forte
960 2242 997 2293 ita
1018 2239 1099 2289 faerit
1114 2238 1249 2305 scriptum,

137 2303 244 2361 [crescite
254 2305 407 2365 misenen,
417 2306 487 2355 unde
504 2307 564 2355 oriri
578 2310 663 2371 potuit
677 2307 839 2357 librariorum
852 2321 934 2357 error.
969 2304 1139 2363 Intersuciem
1149 2308 1177 2353 et
1187 2319 1249 2356 nune

142 2368 330 2433 interpungunt
343 2377 444 2423 veteres
453 2370 588 2421 editiones.
623 2371 653 2419 ln
666 2372 911 2423 recentioribuonou
923 2372 961 2420 ita
969 2370 1036 2418 bene
1047 2371 1248 2434 conjunguntur.

142 2432 300 2485 Breuem-tl
316 2436 368 2487 bls.
386 2435 464 2486 Corb.
475 2441 640 2487 extrema—⁷
657 2437 701 2487 Sic
719 2439 770 2486 Ms.
788 2438 857 2486 Flor.
868 2435 948 2526 ²de
966 2435 1089 2498 princeps
1111 2441 1139 2482 et
1158 2446 1248 2484 recen·

638 2597 745 2647 NOTAE

166 2697 185 2734 1¹
200 2699 324 2749 Modicum
342 2700 433 2765 lum]
465 2702 561 2767 Itaque
581 2702 674 2760 eedem
715 2697 1247 2764 turusbonorem,cenobiolum-fecturus,

142 2783 216 2825 nocte
226 2777 334 2839 epulata
346 2775 490 2841 Agrippina
506 2778 576 2841 apud
588 2778 675 2840 Baias,
714 2779 940 2842 grntuleturusque
949 2777 982 2825 de
999 2777 1083 2825 salute
1093 2774 1191 2824 metris.

141 2867 171 2899 ao
193 2851 326 2902 submersa
346 2854 422 2914 mari,
444 2867 503 2902 cum
525 2853 674 2902 machinoso
746 2859 764 2885 ¹¹¹
780 2853 873 2915 Aliaeu]
907 2853 984 2902 Nunc
1006 2857 1132 2900 mutatam
1152 2847 1247 2899 faciem

140 2925 183 2974 illo
203 2926 308 2990 navigio
330 2924 510 2990 reveheretur,
530 2927 673 2991 eademqne
713 2929 897 2988 littoris,nune
913 2930 990 2978 modo
1011 2926 1185 2985 solitudinem,
1201 2940 1246 2975 sen

140 3006 215 3051 nocte
243 3001 327 3051 mittit
349 3001 503 3064 Agerinum,
530 3009 558 3051 et
579 3002 672 3051 eodem
714 3004 844 3054 silentium
856 3019 922 3066 esse,
933 3004 1010 3053 modo
1022 3003 1172 3066 repentinos
1182 3007 1247 3050 stre·

139 3084 214 3125 nocte
225 3071 382 3126 interficitur
399 3077 432 3128 ab
442 3077 565 3141 Aniceto,
575 3093 672 3127 erema·
712 3080 791 3143 pitur,
801 3085 831 3128 ut
848 3079 879 3129 tit
895 3080 1020 3142 menige,
1040 3078 1084 3142 qui
1107 3075 1184 3126 m'odo
1200 3088 1246 3126 ex·

140 3160 231 3218 torque
254 3155 382 3204 convivali
404 3154 484 3219 lecto,
505 3161 533 3205 et
554 3156 671 3219 exequiis
713 3155 819 3205 territus
839 3160 929 3218 paret,
941 3169 972 3204 ac
983 3153 1052 3216 silet,
1063 3152 1139 3201 modo
1157 3159 1247 3222 speret

140 3233 239 3282 vilibus.
712 3237 740 3278 et
751 3230 861 3292 plaudit.

168 3310 291 3360 Modicam
301 3308 390 3372 umen]
408 3309 459 3359 Vel
468 3309 528 3374 quie
538 3309 672 3374 quiescere
744 3312 757 3338 ¹³
773 3305 942 3369 Solitudinem]
963 3306 1086 3370 intellige
1096 3305 1245 3356 vastitatem

138 3390 191 3434 tum
203 3366 296 3448 voluii,
305 3385 347 3432 vel
360 3385 393 3433 ob
402 3399 549 3447 mentorem,
561 3386 601 3433 vel
610 3385 672 3450 quie
711 3395 741 3430 ao
754 3381 894 3431 silentium.
929 3383 1062 3446 Frequens
1073 3381 1157 3432 adbuc
1168 3382 1194 3431 in
1204 3381 1246 3436 lit·

133 3461 187 3524 jem
205 3461 335 3512 destituto
350 3461 494 3516 urinisterio
517 3462 670 3510 domestico·
711 3465 768 3508 tore
787 3459 937 3522 multitudo,
956 3459 1001 3508 sed
1024 3467 1096 3508 metu
1119 3457 1246 3522 perculsu,

137 3552 200 3600 rum,
219 3545 251 3586 ut
270 3538 310 3586 tit.
345 3537 376 3586 ln
396 3544 469 3585 tenta
491 3534 597 3586 fortuna
620 3551 670 3586 una
709 3535 877 3598 prodiversis
889 3534 1044 3596 rumoribus,
1063 3533 1244 3585 eutacceden·

136 3613 225 3662 aderat
237 3613 339 3673 aneilla,
351 3627 409 3676 qnae
427 3611 516 3661 statim
532 3613 610 3660 telem
628 3626 668 3660 re·
710 3612 792 3672 tibus,
803 3612 1037 3675 modoetientium,
1049 3611 1124 3661 modo
1144 3611 1245 3662 tubitet

126 3681 217 3750 'pinam
237 3686 361 3752 reliquit:
379 3690 549 3753 ‘'l'nquoque
562 3702 604 3735 me
624 3688 668 3736 de-
707 3689 835 3736 clamores
847 3687 952 3736 edebat.

134 3765 215 3813 seris!
251 3767 324 3814 Unus
340 3764 451 3813 libertas
468 3765 587 3813 Mnester
596 3763 667 3824 ferro
739 3765 909 3814 ‘Trierorclro
920 3765 1050 3828 Herculeo]
1076 3764 1243 3814 Trierarcbur

134 3841 300 3902 retrunscgit:
312 3847 339 3889 et
350 3838 507 3902 fortemngie
518 3839 668 3903 metueritii,
707 3841 813 3904 dicitur,
833 3844 876 3906 qni
898 3841 1046 3891 triremibus
1065 3848 1170 3904 praeest,
1192 3853 1244 3904 que

134 3931 163 3965 ac
172 3917 296 3981 supplicii
307 3916 416 3979 servilis,
426 3930 502 3980 quem
513 3915 624 3963 caritate.
708 3933 772 3967 voce
784 3919 868 3968 utitur
874 3918 975 3982 Cicero,
982 3924 1009 3968 et
1017 3917 1156 3968 Iebolenus
1163 3916 1245 3967 lctus,

164 3993 206 4041 Ne
226 4006 312 4041 eunies
332 3992 404 4055 quasi
420 3991 537 4041 modicus
560 3992 667 4055 lychnus
708 3994 781 4044 Alibi
803 4009 905 4058 quoque
921 3993 1044 4044 Claudius
1066 3990 1169 4057 quidem
1190 3990 1243 4038 lii·

135 4069 247 4132 arderet,
261 4069 382 4131 intellige
392 4069 521 4118 modicum
530 4082 583 4132 prae
591 4068 669 4118 solita
709 4073 822 4122 moreius
832 4071 1014 4121 Liburnicarum
1029 4087 1045 4120 u
1054 4070 1146 4120 rl'ucito
1155 4069 1243 4133 eppel·

134 4143 328 4207 magnificentie
338 4143 397 4193 talis
409 4143 513 4207 regiam.
706 4148 786 4200 detur.
806 4149 930 4212 Lupercus.

163 4219 168 4251 ¹
186 4221 256 4278 Quod
272 4235 340 4271 remo
351 4235 367 4269 o
379 4219 450 4287 pilio]
470 4221 573 4286 Nempe
584 4220 669 4272 reddi·
