2984 4850
233 388 321 453 2052
585 404 616 454 e.
639 403 822 453 cornuin
846 403 974 453 uncini
1169 408 1328 473 [nunna

233 546 354 629 ligiune
363 544 516 631 judicum
538 543 845 609 meritam.landem
868 542 1119 621 assecuturum:
1132 545 1242 627 primo
1256 567 1330 613 car·
1489 623 1490 642 χ

233 667 310 715 men
333 648 369 712 in
391 645 647 717 scenareeitat:
678 664 771 723 mox,
793 645 960 727 flagitante
987 646 1097 727 vulgo,
1124 649 1188 710 ‘ut
1215 652 1329 713 omnia
1381 642 1390 658 ⁸
1489 649 1490 696 l

235 750 345 817 sbrdia
358 766 421 811 sua
433 744 638 831 publicaret‚’
659 746 745 824 (haec
762 747 849 809 enim
869 748 971 812 uerba
985 743 1130 829 dixere)
1150 748 1331 829 ingreditus

104 849 108 853 ’
170 912 173 917 .
233 853 408 928 theatrum,
429 848 559 913 cunctis
582 845 717 911 citharae
737 846 867 929 legibus
891 847 1140 928 obtemperans:
1162 832 1328 914 nefessus

233 954 401 1029 resideret,
415 970 458 1013 ne
478 948 643 1025 sudorem,
658 948 724 1011 nisi
736 966 788 1025 ea,
804 966 905 1029 qnam
918 947 1062 1011 indutni¹
1073 950 1222 1029 gerebat,
1238 955 1329 1013 ueste

235 1055 429 1137 detergeret:
451 1050 588 1116 utnulla
599 1050 666 1113 oris
687 1052 746 1112 aut
759 1050 887 1112 narium
900 1054 1109 1113 excrementa
1122 1050 1329 1113 viserentur.⁵

235 1156 409 1222 Postremo
429 1154 538 1218 flexus
560 1158 671 1235 genu,y
691 1148 737 1214 et⁶
757 1156 881 1215 coetum
901 1150 996 1213 illum
1016 1169 1115 1213 manu
1135 1156 1332 1228 veneratus,²

236 1376 295 1411 cum
316 1358 435 1409 meritam
451 1356 586 1406 victoriam
608 1355 771 1419 adepturum,
792 1368 822 1402 ac
841 1354 917 1415 prino
935 1366 1016 1401 cerm
1034 1364 1092 1399 enee
1110 1350 1250 1413 potentiue
1270 1352 1332 1413 opud

235 1427 365 1475 tlreotrum:
381 1422 436 1471 dein
444 1422 577 1485 postulante
584 1419 660 1481 plebe,
670 1423 699 1467 ut
710 1419 795 1467 omniu
803 1417 888 1466 studia
898 1430 944 1465 eun
954 1415 1109 1478 publicaret,
1117 1416 1178 1476 (bue
1188 1414 1331 1477 enim‘ipeae

234 1504 301 1537 ouceu
311 1486 454 1549 prorum)
464 1486 539 1532 intrat
549 1498 649 1545 roenurn,
658 1497 734 1531 omnes
742 1481 840 1529 mirere
850 1482 944 1541 regulae
953 1479 1091 1527 numm:
1106 1493 1135 1526 ne
1144 1480 1218 1526 haene
1227 1480 1315 1526 aederet
1323 1494 1334 1534 ,-

234 1549 268 1601 ne'
275 1555 381 1600 eudnrem
392 1550 546 1608 abstergeret,
558 1546 605 1595 uiri
616 1562 642 1595 eo
652 1546 789 1594 uestimento
799 1560 843 1607 quo
852 1544 949 1592 iuuene
957 1549 1029 1602 erut;
1044 1547 1070 1589 ut
1081 1543 1144 1589 edlu
1153 1542 1211 1603 orio,
1220 1547 1262 1590 unt
1280 1542 1334 1589 enei

234 1618 392 1679 purgmnentu
411 1612 606 1675 corupieerentur.
641 1609 743 1657 Tandem
753 1622 833 1669 genno
843 1610 954 1672 flemene,
972 1622 1025 1655 eum
1044 1606 1138 1654 turbem
1152 1606 1219 1654 ilbm
1229 1610 1253 1653 et
1263 1607 1341 1654 coln·-

695 1766 753 1785 NC‘
756 1764 873 1784 ΙΙΟΙΝΝ

203 1892 207 1897 ’
236 1873 318 1926 editio
330 1858 460 1936 princepe,
470 1869 580 1918 niterent.
613 1869 772 1917 Puteolanus
792 1868 894 1931 aliique,
904 1867 1041 1914 meatur.
1075 1862 1119 1913 Sic
1130 1877 1231 1928 quoque
1243 1862 1268 1910 in
1279 1862 1334 1911 Me.

235 1940 291 1993 Jee.
301 1938 531 1987 dictamnum-b
548 1934 583 1982 Et
593 1933 679 1982 omisit
690 1934 816 1995 Picbeun,
827 1945 914 1980 errore
923 1929 992 1978 forte
1003 1942 1150 1992 operarum.
1182 1927 1251 1977 Nam
1262 1933 1337 1976 extat

731 2060 842 2111 NOTAE

237 2177 363 2235 Patrum3
388 2175 433 2225 sed
445 2176 499 2224 oola
510 2181 564 2225 erte
577 2170 679 2223 vincere
691 2176 768 2239 velle,
807 2174 883 2237 culpa
893 2173 966 2235 ponit
976 2171 1087 2222 Tacitus.
1110 2170 1208 2218 Temen
1220 2168 1337 2232 Impera·

238 2258 267 2303 et
278 2253 316 2301 sic
328 2252 465 2300 uicturum.
807 2248 908 2297 turibus
919 2254 1009 2309 postea
1019 2246 1046 2295 id
1062 2253 1202 2307 servatum,
1213 2252 1243 2293 nt
1254 2247 1337 2294 solen-

269 2332 284 2359 ¹
301 2326 379 2381 Qum
393 2324 507 2387 indutor]
534 2326 593 2376 Qua
613 2325 768 2374 induebatur
807 2323 833 2370 ni
844 2323 896 2370 ritu
908 2323 1031 2385 populum
1048 2321 1186 2369 adurerent
1203 2321 1230 2368 in
1249 2320 1337 2369 Circo.

237 2408 320 2465 reete,
336 2401 404 2450 baud
424 2400 503 2451 dubie
521 2400 689 2450 citharoedica
707 2407 768 2465 toga
808 2398 963 2449 Claudianus
976 2398 1082 2462 pulchre
1091 2397 1124 2446 de
1135 2411 1174 2447 vr.
1191 2396 1268 2447 Cone.
1281 2396 1337 2446 Ho-

237 2478 297 2541 fnit,
308 2486 338 2528 nt
347 2480 433 2527 omniu
442 2479 491 2527 arti
499 2486 679 2540 congruerent.
697 2478 767 2528 Hinc
808 2476 891 2524 nerii:
920 2474 965 2522 ‘0
979 2480 1103 2538 quantum
1122 2475 1218 2536 populo
1240 2473 1338 2522 secreti

238 2553 312 2602 Suet.
324 2557 363 2601 25.
382 2553 469 2614 posuit
486 2553 672 2602 ‘etatunsenas
688 2555 768 2603 cithu·
807 2549 917 2598 numinis
935 2549 1009 2598 addit
1027 2549 1133 2611 Imperii
1150 2563 1264 2611 prieneus
1280 2561 1337 2612 epe-

238 2627 337 2676 rcedico
350 2628 455 2676 habitu:
474 2642 525 2692 qun
536 2636 598 2678 notu
608 2628 685 2678 etiem
696 2643 768 2678 nunr-
808 2629 877 2676 cies!
895 2635 1071 2692 quantamque
1080 2627 1201 2691 rependit
1209 2627 1335 2690 Mujeetuu

238 2716 307 2752 mum
320 2702 466 2762 percussit!
808 2704 910 2750 alterno
921 2703 1015 2751 vicem!
1035 2717 1092 2751 cnm
1105 2701 1177 2764 regin
1188 2701 1259 2750 Circi
1270 2701 1337 2750 Con·

271 2783 283 2818 1
300 2777 389 2824 Flennu
405 2777 480 2838 genu]
511 2777 593 2826 Immo
610 2785 637 2828 et
654 2781 769 2829 solennia
808 2793 902 2827 nexum
923 2775 1046 2842 gradibus
1063 2783 1204 2825 ueneratur
1223 2790 1338 2839 purpure

238 2851 388 2902 histrionum
410 2851 488 2899 verbu
514 2852 570 2900 baec
592 2855 770 2915 pronuntians,
808 2855 916 2916 vulgus:
946 2854 1128 2917 consensuque
1139 2867 1209 2902 cuvae
1220 2852 1336 2902 sublatur

238 2926 360 2976 ‘Domini
383 2927 442 2988 mei,
467 2927 556 2975 audite
577 2941 619 2976 me
641 2927 770 2978 libenter?
808 2929 945 2979 inaetbern
963 2929 1037 2978 vallis
1048 2929 1139 2995 Plebis
1160 2929 1277 2995 udorutae
1299 2943 1338 2978 re·

239 3007 280 3056 Ex
302 3019 352 3069 qno
373 3005 507 3067 intelligis,
538 3004 600 3068 quid
624 3005 769 3070 principium
807 3005 984 3068 beabimur?
1000 3007 1106 3069 rupen.

239 3081 308 3146 apud
318 3082 468 3130 Suetonium
487 3081 521 3130 eit
541 3081 639 3130 Neron.
657 3097 715 3145 cap.
727 3088 768 3134 21.
840 3081 872 3130 Iu
882 3084 960 3145 culpa
967 3083 1041 3144 ponit
1048 3083 1202 3145 principem,
1210 3096 1262 3131 non
1273 3095 1338 3145 pre-

239 3160 347 3222 ‘thue
368 3159 486 3208 constitit
506 3165 612 3220 perunte
633 3159 768 3222 principio,
808 3152 1205 3220 ciuequiundoruretpopnluru3
1221 3157 1269 3205 red
1277 3156 1338 3220 quin

238 3233 342 3284 Nioben
354 3247 381 3280 ee
400 3239 566 3282 cantaturum
584 3249 632 3297 per
650 3235 768 3284 Cluvium
807 3231 845 3280 uic
856 3239 1025 3282 veneraretur
1034 3238 1129 3282 cretum
1136 3233 1218 3294 ilium,
1229 3233 1337 3282 reucol-

238 3306 337 3366 Rufum
348 3308 546 3370 pronunciavit?
807 3306 902 3355 luviem
913 3309 982 3356 iilum
993 3307 1098 3371 flagitiis
1109 3313 1270 3370 corruptum,
1278 3322 1337 3372 qne

271 3381 456 3446 Anteloquium
465 3383 638 3433 seilicetillnd
647 3385 768 3436 citharoe-
808 3387 882 3431 certe
892 3383 997 3432 sordida
1006 3384 1080 3447 plebe
1097 3399 1130 3433 ex
1140 3398 1235 3447 magna
1246 3390 1339 3448 purte?

239 3457 334 3518 dicum,
346 3459 477 3509 emerendi
486 3457 594 3508 fareris:
612 3461 650 3508 uti
662 3467 688 3510 et
699 3462 768 3525 prin·
807 3473 892 3521 neque
898 3465 969 3508 certe
980 3459 1049 3522 boni,
1059 3459 1109 3508 uiei
1119 3459 1195 3508 inuiti
1206 3460 1327 3510 oderant.

239 3533 767 3600 cipiaquaedem,legitimucarmine,olim
799 3572 803 3578 .
843 3536 937 3583 Gutum
947 3534 1025 3596 idum]
1053 3534 1191 3598 Nonquia
1213 3535 1338 3596 populmn

239 3615 381 3660 oratorum.
417 3612 458 3660 De
473 3611 623 3660 adoratione
633 3627 719 3675 maun,
729 3613 768 3662 di·
808 3609 978 3659 adorarenon
993 3610 1114 3659 debuerit
1131 3610 1339 3673 Nenenene·

239 3686 485 3736 conueniunt.
502 3687 606 3750 Lipsius.
808 3691 893 3734 ectum
912 3685 997 3742 illum
1029 3684 1098 3748 quod
1120 3699 1168 3746 per
1188 3691 1337 3733 eontemunr

271 3762 360 3811 Funus
366 3761 439 3823 genn]
453 3763 552 3825 Nempe
561 3770 590 3812 nt
600 3763 768 3814 citharoedum
808 3760 967 3809 ueraciter.
984 3760 1044 3808 Non
1055 3760 1258 3823 enimpopnrnm
1265 3761 1339 3812 Rem.

240 3836 337 3898 decuit,
352 3851 401 3885 uon
415 3837 572 3900 principem,
597 3840 770 3902 nequeenim,
808 3831 932 3885 victorem
955 3835 1069 3900 gentium
1091 3850 1227 3900 rerumque
1257 3837 1339 3887 dorni·

239 3919 313 3976 puto,
325 3915 445 3974 princeps
461 3911 542 3962 flexus
559 3928 626 3976 genn
646 3912 769 3977 populum
808 3928 870 3962 uum
878 3913 1002 3963 adorabat
1010 3915 1097 3974 Nero;
1110 3913 1157 3962 red
1165 3915 1338 3964 colluvionem

240 3989 360 4038 odoravit
379 3991 405 4038 iu
425 3989 510 4050 circo,
534 3989 580 4037 sed
602 3989 769 4039 inclinatione
808 3989 878 4038 iilam
893 3988 987 4038 infimae
1006 3996 1034 4037 et
1053 3989 1163 4038 sordidae
1175 3989 1337 4053 piebiu,quo

240 4065 345 4127 capitio,
363 4073 407 4114 eut
426 4065 511 4129 potine
530 4079 583 4114 uoce
600 4065 769 4131 almumqui
805 4065 860 4128 Jnm
881 4079 959 4113 uuam
980 4055 1101 4127 Reipub.'
1121 4079 1210 4114 curam
1238 4065 1339 4123 babuit,

240 4153 296 4188 uros
308 4153 414 4190 eorevo.
807 4139 924 4188 ‘Panem
935 4145 964 4187 et
974 4136 1126 4189 circenses!

274 4214 392 4282 {Ceteri
407 4214 475 4264 illua
492 4228 564 4266 nunu
579 4216 713 4282 venentur]
736 4217 770 4272 In
842 4215 934 4266 cmm
952 4214 1031 4280 illnnj
1054 4213 1233 4279 Reprehendit
1253 4213 1336 4269 Here·
