2984 4850
222 368 342 452 2096'
582 397 615 447 c.
639 396 818 447 conuerti
842 393 969 445 ractrr
1165 402 1324 469 [amem

225 545 353 609 sionem
372 544 443 629 jam
464 542 499 607 id
521 548 556 606 et
576 549 700 625 partes,
716 548 763 620 et,
786 543 815 605 si
836 542 927 605 idem
947 540 1061 605 multi4
1081 542 1241 621 audeant,
1255 541 1327 606 bel

223 646 294 709 ium
308 664 396 709 esse.
441 643 490 707 Ut
503 642 669 726 quondam
683 643 722 707 Ο.
737 642 926 720 Caesarem,'
940 644 1060 725 inquit,
1083 648 1138 707 ‘et
1156 642 1206 707 M.
1221 642 1326 706 Cato·

223 764 310 824 nom,
326 747 372 809 ita
396 764 485 809 nunc
512 751 554 822 tc,
578 744 683 821 Nero,
699 750 732 808 et
755 743 938 807 Thraseam
962 744 1063 807 avida
1085 744 1326 808 discordiarum

226 848 347 913 civitas
360 846 517 929 loquitur.
561 846 606 910 Et
620 847 718 909 habet
733 850 929 922 sectatores,
945 845 999 908 vel
1019 846 1132 926 potius
1152 844 1325 921 satellites,

226 950 285 1033 qui
310 948 456 1011 nondum
478 949 719 1012 contumaciam
743 950 986 1024 sententiarum,
1009 948 1067 1011 scd
1089 948 1240 1011 habitum
1253 946 1326 1009 vul·

224 1056 360 1133 tumque
374 1050 445 1133 ejus
461 1055 640 1126 sectantur,
656 1050 753 1131 rigidi
774 1056 808 1114 et
828 1050 949 1128 tristes,
965 1056 1045 1133 quo⁵
1069 1050 1131 1112 tibi
1150 1049 1327 1112 lasciviam

225 1150 437 1234 exprobrent.
480 1148 574 1213 Huic
599 1152 656 1213 uni
681 1151 893 1215 incolumitas
915 1157 1000 1227 tua‚⁰
1025 1156 1093 1215 tuac
1118 1154 1233 1226 autes,P
1255 1149 1329 1211 sine

224 1248 373 1315 honore.⁶
417 1249 602 1333 Prosperes
624 1250 795 1333 Principis
815 1271 868 1316 res
891 1252 1036 1333 spernit:
1059 1252 1215 1315 etiamne⁷
1229 1247 1329 1312 lueti-

224 1353 301 1415 busa
316 1358 348 1415 et
363 1350 532 1415 doloribus
554 1370 620 1415 non
642 1353 803 1416 satiaturi
848 1351 1008 1433 Ejusdem
1031 1351 1133 1414 animi
1157 1356 1219 1426 est,
1236 1336 1329 1431 Pop·

224 1472 335 1536 paeam
349 1452 473 1517 Divam
488 1470 554 1515 non
568 1451 710 1528 credere,
727 1452 826 1534 cujus
843 1453 969 1515 inacta
991 1452 1036 1515 D.
1052 1448 1198 1531 Augusti
1219 1453 1254 1528 et
1279 1450 1325 1512 D.

225 1552 311 1617 Julii
325 1549 392 1615 non
402 1552 528 1635 jurare.
572 1551 704 1635 Spernit
718 1550 942 1634 religiones,8r
955 1553 1095 1634 abrogat
1107 1551 1223 1633 leges?
1267 1549 1330 1613 Di-

222 1724 413 1783 tam‘uavassm
430 1712 605 1765 deiectionem
620 1713 675 1777 jam
697 1712 771 1775 iliad,
789 1719 818 1763 et
835 1708 978 1762 factionem
997 1726 1054 1773 erse,
1073 1717 1109 1773 et,
1127 1710 1148 1759 si
1164 1710 1240 1759 multi
1259 1709 1328 1760 idem

224 1785 339 1838 tentent,
347 1781 380 1828 ad
391 1795 462 1829 arma
472 1779 514 1829 iri.
546 1780 584 1829 Ut
594 1779 663 1840 olim,
673 1780 717 1834 ait,
729 1778 821 1825 civitas
829 1775 969 1827 differebat
984 1776 1143 1826 serruonilms
1155 1776 1184 1824 C.
1196 1777 1328 1824 Caesareru

225 1851 253 1893 et
264 1844 454 1901 M.Catonem;
471 1844 507 1891 ita
520 1856 587 1891 nunc
599 1842 632 1890 de
651 1851 687 1903 te,
704 1842 786 1900 Nero,
806 1850 833 1890 et
850 1842 883 1889 dc
894 1843 1007 1889 Thrasea
1018 1841 1122 1897 disserit,
1139 1839 1328 1887 dissensionum

224 1907 376 1957 arbrarida.
410 1908 444 1956 Et
455 1908 536 1957 habet
547 1908 588 1955 ille
606 1906 731 1963 fautores,
750 1908 792 1953 vel
811 1906 897 1967 potins
912 1905 1051 1965 ministros,
1070 1904 1114 1967 qui
1131 1908 1194 1951 certe
1213 1902 1328 1951 nondum

161 1973 167 1989 ’
225 1978 370 2035 sequuntur
388 1972 528 2034 pervictam
540 1970 689 2032 opinionum
701 1970 759 2031 aas,
775 1974 880 2017 attamen
891 1969 990 2017 cultum
1002 1970 1153 2029 vultumque
1168 1967 1247 2029 ipsius
1258 1982 1330 2014 ‹ema-

224 2038 312 2095 iantar,
322 2049 414 2099 graves
426 2041 454 2084 et
466 2036 572 2095 austeri,
582 2048 631 2097 qrro
641 2034 689 2081 tibi
698 2034 825 2081 luxuriam
836 2033 981 2096 objectent.
997 2015 1070 2090 lluic
1080 2034 1122 2079 aui
1135 2031 1204 2079 salus
1216 2036 1262 2078 tua
1272 2032 1328 2079 sine

224 2102 409 2158 curantem
419 2098 499 2147 studia
509 2098 564 2145 siue
575 2097 681 2145 decere.
717 2096 767 2151 Qui
785 2098 910 2145 secundas
929 2110 971 2144 res
989 2095 1151 2157 imperatoris
1167 2095 1328 2143 contemnit:

225 2164 337 2211 etiamne
349 2161 423 2211 malis
435 2168 463 2209 et
480 2175 588 2211 moerore
599 2162 650 2221 mus
658 2175 709 2209 noa
719 2161 858 2223 expletur?
875 2160 1000 2225 Ejusdem
1007 2159 1107 2219 ingenii
1121 2164 1172 2217 est,
1185 2159 1330 2219 Poppaeus

224 2227 288 2275 coelo
299 2225 411 2275 dicatam
422 2239 473 2273 non
484 2224 601 2283 credere,
610 2233 637 2273 et
645 2226 671 2271 iu
684 2231 742 2273 acta
751 2224 814 2272 Divi
824 2223 938 2285 Augusti
956 2232 984 2272 et
1003 2223 1063 2270 Divi
1075 2222 1332 2285 Jaliijusjuraadum

222 2303 354 2354 spernere.
387 2289 535 2339 Contemnit
546 2288 708 2338 carimonias
725 2289 831 2337 celestes
849 2294 874 2335 et
892 2288 963 2352 leges
974 2286 1070 2337 abolet.
1101 2285 1201 2336 Dierna
1218 2290 1331 2349 catapo-

225 2469 274 2516 -d
291 2465 335 2516 lta
346 2467 410 2516 Mss.
423 2472 560 2517 etveteres
572 2467 772 2516 reremaneret
782 2465 919 2514 editiones.
952 2463 1101 2522 Rhenanus,
1111 2461 1134 2509 si
1144 2460 1213 2510 malti
1223 2462 1331 2510 idest.-

225 2535 240 2579 ⁵
258 2531 302 2580 Sic
314 2531 379 2579 berre
391 2532 516 2581 Pichena.
549 2532 581 2580 ln
603 2533 667 2580 Mus.
685 2531 754 2579 Fler.
772 2531 838 2591 Reg-
849 2525 936 2578 Guelf.
954 2536 982 2575 et
998 2525 1112 2574 editione
1123 2525 1252 2586 principe,
1268 2527 1332 2586 qaod

224 2594 268 2644 itt.
293 2595 342 2642 lis.
356 2594 432 2645 llari.
443 2602 470 2644 et
481 2596 648 2655 Puteolanas,
659 2594 700 2658 qui
711 2593 768 2642 tibi.
794 2592 957 2642 Emendabat
968 2589 1092 2648 Faernus,
1104 2588 1170 2652 amsi
1181 2588 1235 2636 titi.
1252 2589 1332 2640 Brot.

224 2661 273 2705 -6
288 2657 466 2718 [Auctoritate
477 2660 619 2707 Msstorum
628 2665 655 2706 et
669 2657 733 2706 Edd.
745 2659 883 2705 Brotierus
895 2654 986 2714 edidit,
998 2654 1062 2702 Heia
1072 2655 1115 2701 uui
1126 2652 1273 2700 incolumitas
1286 2656 1332 2700 tua

224 2721 276 2769 siae
287 2726 348 2781 arte,
358 2721 526 2782 antenore]
557 2721 589 2769 ln
602 2735 651 2769 uno
664 2722 714 2770 lis.
727 2723 797 2770 Flor.
808 2725 890 2774 arten
904 2718 974 2781 qrtod
984 2724 1072 2767 tuetur
1082 2717 1260 2778 conjecturam
1269 2717 1332 2779 lip-

225 2783 266 2842 sii,
283 2783 326 2846 qui
338 2782 501 2844 emendabat,
511 2785 660 2832 incolumitas
670 2790 712 2832 tua
723 2785 773 2832 riae
783 2799 848 2840 cura,
858 2789 924 2831 artes
939 2782 991 2830 siae
1001 2782 1095 2828 horare.
1131 2779 1210 2828 Haud
1223 2782 1261 2826 ita
1272 2793 1333 2840 pro-

225 2846 347 2895 babiliter
359 2847 513 2905 Gronovlm,
523 2847 670 2896 incolumitas
684 2852 735 2904 tua,
746 2852 795 2895 tuce
805 2853 870 2895 ortes
879 2848 931 2894 riae
942 2847 1035 2893 tenore.
1053 2843 1168 2892 Brotier.
1202 2843 1333 2892 Gronovii

216 2910 434 2960 ¹emendationem
446 2911 683 2986 recepereBipont.
695 2926 759 2974 qnos
771 2923 874 2971 sequior.
892 2909 1048 2956 Oderlia.--7
1064 2907 1097 2955 In
1109 2908 1160 2955 Mo.
1173 2905 1237 2968 Agr.
1245 2907 1333 2955 etmar-

222 2989 287 3039 num,
297 2975 352 3024 sine
362 2975 581 3038 interrogandum
598 2975 668 3040 quod
680 2975 792 3038 probant
802 2973 929 3037 Ryelius‚
938 2980 967 3022 et
976 2972 1132 3035 Bipont.-8
1149 2971 1293 3034 Perpetem
1301 2970 1330 3019 in

258 3166 438 3216 olocotrooitus
460 3165 513 3228 tua]
546 3165 636 3215 Sentio
664 3165 757 3215 abesse
796 3166 877 3214 Nero.
905 3164 986 3214 Quasi
995 3163 1108 3212 diceret:
1122 3161 1197 3212 Foris
1209 3175 1250 3210 res
1260 3160 1334 3225 prin·

227 3255 327 3302 vocem,
347 3256 423 3304 quam
443 3241 541 3290 volenti
562 3242 683 3291 Cornelio
700 3242 758 3290 red·
796 3241 862 3301 cipis
878 3253 1025 3302 prosperre3
1043 3245 1071 3286 at
1087 3238 1113 3285 in
1124 3237 1286 3304 urbelnetns
1302 3241 1333 3284 et

226 3314 279 3364 dot
295 3315 444 3364 ircelmnitas
462 3319 504 3364 iau
523 3316 574 3364 siae
600 3331 666 3376 cara,
693 3322 759 3364 artes
796 3329 900 3372 maror,
918 3314 1009 3377 quibos
1026 3329 1076 3360 non
1088 3313 1199 3362 satiatur
1208 3311 1333 3373 Thrasea,

225 3390 277 3442 ane
287 3389 381 3438 imore.
410 3391 486 3440 Prius
498 3391 637 3440 membrum
650 3391 682 3438 ad
694 3405 759 3439 nan·
797 3388 974 3453 quiainiestus
985 3389 1093 3438 Neroni.

226 3465 390 3527 supatioaem
403 3467 522 3515 omissam
530 3472 758 3529 mtersmspectat,
829 3466 896 3515 Odit
906 3465 1022 3514 ΤΙιηεει
1038 3479 1079 3513 res
1094 3476 1233 3526 prosperas
1244 3463 1337 3512 saeua

226 3553 284 3603 qaae
296 3553 343 3601 pro
354 3539 529 3590 incolumitate
541 3541 679 3603 principis:
695 3542 758 3590 alte·
798 3541 832 3588 ris
844 3539 912 3602 apud
933 3545 1080 3600 extraneos,
1096 3553 1145 3586 nec
1162 3537 1273 3586 satiatur
1284 3537 1331 3584 im·

226 3625 282 3660 rum
295 3612 376 3673 adid,
393 3615 462 3678 quod
478 3628 609 3678 nunquam
620 3617 759 3665 immolarit
798 3615 929 3677 prosperis
947 3614 1018 3662 urbis
1039 3621 1067 3661 et
1089 3614 1164 3662 arrlae.
1198 3613 1277 3660 Forte
1292 3611 1331 3660 sic

227 3701 275 3751 pro
287 3687 384 3736 eoelesti
396 3702 469 3738 voce.
485 3687 552 3752 Lipe,
797 3699 906 3752 prepter
914 3698 941 3737 et
950 3689 1032 3751 ipsam
1041 3690 1183 3752 Poppaeam
1198 3686 1330 3751 filiamque

258 3764 371 3827 riae]
394 3765 487 3814 Studia
498 3780 553 3826 sua,
564 3767 687 3827 carmina,
697 3781 758 3814 cau·
797 3764 943 3814 defunctas.
1085 3798 1089 3805 .

227 3845 281 3899 tas,
303 3840 446 3888 citharam:
476 3855 563 3902 snpra,
598 3839 758 3904 ‘flagitante
829 3839 998 3902 'Religionem
1014 3839 1340 3902 Spmitrcligieaeaeum,

226 3916 315 3978 uulgo,
325 3923 356 3966 at
367 3915 452 3964 omnia
472 3909 558 3964 stadia
576 3930 622 3966 sua
642 3916 758 3980 publiea·
797 3916 939 3978 Poppaeam
950 3916 1039 3964 Meae
1047 3929 1098 3962 non
1108 3913 1193 3961 credit
1203 3912 1331 3960 inrasae.

227 3988 288 4038 tet?
829 3989 942 4050 'lagesJ
975 3989 1050 4038 idem
1065 3987 1164 4048 cingat
1181 3988 1254 4048 leges,
1269 3999 1334 4033 cnm*

259 4063 413 4130 amatam]
445 4065 476 4114 Id
488 4065 554 4114 dicit
572 4071 678 4128 propter
688 4065 758 4113 viros
796 4064 958 4114 inaetaDioi
972 4063 1077 4128 Arcadi
1097 4059 1332 4114 amalwinus

226 4135 351 4202 titanes,
377 4153 441 4204 quos
468 4141 592 4190 continue
619 4140 759 4192 occidebat
792 4141 876 4204 jurat.
