2984 4850
176 364 333 444 pesas,
539 360 745 424 susurrans
771 358 949 413 u1s.x1v.
1200 348 1287 419 1689

177 513 309 588 noaret·
368 506 654 591 Spectaculorum⁰
697 507 832 589 quidem
873 507 1052 591 antiquitas
1090 488 1285 604 servaretur,

179 611 333 692 quotiens
346 610 531 675 Praetoresp
544 610 703 687 tentarent,²
723 610 813 673 nulla
825 610 983 691 cuiquam
998 610 1122 675 civium
1140 613 1286 693 necessi·

178 717 259 776 utos
272 711 447 777 certandi.³
492 710 646 774 Ceterum
660 711 803 776 abolitos
819 709 994 793 paulatim²
1018 714 1286 795 patriosmores,

178 893 266 942 laculo
278 892 335 941 dies
345 894 460 958 integros
473 908 520 956 per
529 892 653 942 desidiam
669 895 736 943 iners
745 894 903 943 traduceret.
937 894 980 944 Ne
992 894 1162 944 certaminum
1179 894 1285 961 quidem

178 968 233 1005 mos
250 958 373 1021 antiquus
392 959 500 1021 vigeret,
518 959 620 1021 quoties
636 960 800 1008 celebrarent
812 962 954 1019 Praetores,
971 960 1027 1007 olim
1044 960 1171 1007 nemiuem
1190 960 1286 1008 civium

177 1022 301 1071 adactum
312 1024 346 1071 sd
357 1023 484 1087 certandi,
493 1038 532 1072 scu
550 1026 671 1085 spectandi
691 1025 882 1080 necessitatem.
915 1024 968 1073 Sed
985 1024 1080 1073 sensim
1099 1024 1183 1073 avitos
1202 1038 1287 1091 mores

177 1283 207 1317 ne
225 1269 419 1331 spectaculorum,
430 1266 570 1317 manifesta
588 1268 658 1317 vocis
669 1283 699 1317 ne
711 1268 885 1330 trajectione;
911 1267 980 1334 qtrod
994 1267 1145 1331 jamdudum
1166 1267 1287 1319 emendo·

159 1368 162 1371 -
178 1340 239 1381 runt
251 1333 367 1395 Ryckius
378 1342 407 1382 et
421 1337 555 1381 lirnestus.
589 1333 620 1381 ld
633 1348 736 1396 quinque
748 1335 825 1396 longe
838 1343 898 1382 urite
911 1334 1095 1382 observaverat
1106 1332 1221 1381 eruditus
1235 1333 1287 1382 Pe·

178 1398 272 1445 tsvius.
309 1399 464 1446 Erotion-2
481 1398 514 1445 In
526 1398 588 1445 Mes.
600 1404 628 1445 ct
640 1398 771 1445 veteribus
789 1398 956 1462 editionibus,
972 1398 1062 1461 quotics
1078 1402 1167 1460 proetor
1185 1398 1287 1447 sedan.

177 1462 287 1523 Optime
308 1461 456 1509 emeudavit
477 1460 588 1523 Lipsius,
606 1462 695 1524 quoties
711 1466 827 1523 pretores
846 1464 948 1511 edueut.
981 1464 1052 1514 Quas
1076 1476 1136 1510 vero
1156 1462 1287 1524 impensus

176 1522 296 1573 facerent
308 1532 443 1587 praetores,
454 1526 474 1573 si
485 1526 552 1573 dites
564 1525 659 1584 forent,
669 1526 748 1573 docet
760 1526 794 1575 01
815 1527 963 1587 mpiodorus
982 1526 1050 1588 apud
1070 1526 1203 1587 Pbotium,
1220 1526 1286 1577 Cod.

177 1600 261 1637 lxxx.
281 1604 308 1651 p.
321 1592 378 1638 198.
397 1587 500 1650 Μάξιμος
512 1588 547 1647 δὲ,
559 1587 592 1638 εἷς
601 1592 649 1636 τῶν
660 1587 769 1652 slr‘rrdpor,
779 1608 813 1649 ers
824 1590 869 1649 τὴν
887 1592 930 1639 τοῦ
945 1589 994 1639 υἱοῦ
1009 1592 1150 1653 πραιτοῦραν
1168 1589 1285 1653 τεσσαρά-

177 1670 250 1710 κοντα
261 1652 411 1708 κατεβάλετο
422 1651 566 1715 κεντηνάρια.
598 1654 673 1701 Ἑπτὰ
692 1652 717 1701 δὲ
737 1653 832 1717 ἡμέραις
843 1657 865 1703 ol
882 1654 1008 1719 npulrorpes
1023 1654 1067 1704 τὰς
1082 1654 1222 1718 πανηγύρεις
1234 1654 1284 1704 e'rs'·

176 1724 250 1766 boor:
275 1721 283 1745 ‘
296 1718 438 1778 Maximus,
455 1734 518 1767 rarius
530 1733 562 1766 ex
580 1718 719 1779 opulentis,
730 1720 756 1767 in
768 1719 814 1767 filii
831 1727 970 1783 praeturam
981 1718 1152 1784 qrradrsginta
1164 1727 1288 1769 centens·

177 1782 225 1841 ria,
235 1782 313 1843 Aegl.
325 1786 447 1843 renutet.
457 1781 593 1845 impendit.
627 1785 732 1844 Septem
746 1792 832 1831 sutem
843 1784 931 1833 diebus
943 1786 1061 1832 solennes
1072 1784 1147 1832 ludos
1160 1790 1287 1846 praetores

176 1846 376 1895 celebrabant.’-
397 1849 565 1895 'l‘antaetunc
587 1861 725 1908 paucorum
746 1862 820 1909 opes,
838 1862 903 1895 cram.
916 1848 1020 1910 plublice
1043 1853 1111 1895 esset
1132 1849 1289 1909 paupertas!⁴

177 1910 302 1961 Idem-3
320 1912 364 1960 Ita
373 1912 438 1961 Mss.
450 1919 479 1961 et
490 1919 592 1960 veteres
603 1911 738 1960 editiones.
767 1912 917 1974 Rhenanus,
925 1911 1057 1975 mactandi.
1090 1910 1155 1960 lude
1165 1909 1289 1975 placebat

647 2054 652 2063 '
678 2054 784 2105 NOTAE

175 2169 256 2218 terius
274 2169 321 2231 sit,
337 2168 425 2220 ‘scra
444 2176 557 2233 cautum,
573 2169 665 2234 nequis
684 2168 712 2217 in
753 2184 808 2218 rum
829 2169 1021 2233 magistratibus
1041 2168 1199 2230 incubuisse,
1220 2181 1288 2232 pres·

176 2247 251 2307 urbe,
262 2247 402 2309 propiusve
413 2262 504 2311 passus
515 2248 596 2308 mille,
614 2248 712 2295 subsel·
753 2247 841 2295 sertim
854 2246 976 2309 Praetori,
987 2246 1149 2295 notissimum
1161 2250 1209 2293 est.

176 2321 213 2368 lia
226 2322 351 2383 posuisse,
371 2323 495 2372 sedensue
506 2323 580 2372 ludos
591 2331 712 2387 spectare
785 2324 862 2373 Facit
882 2324 941 2372 hnic
969 2323 1038 2386 parti
1061 2323 1106 2371 illa
1119 2322 1288 2387 responsio:

176 2395 278 2446 vellet?
323 2397 469 2448 Sessionem
489 2404 575 2448 tamen
598 2406 712 2450 astruere
753 2400 831 2451 ‘Nec
851 2397 959 2462 proinde
971 2399 1137 2462 magistratus
1148 2412 1202 2446 rem
1214 2396 1287 2450 nmi-

176 2473 266 2522 livius
278 2481 306 2524 et
316 2475 455 2540 Dionysius
467 2477 589 2526 ridentur
601 2477 617 2526 l.
629 2491 649 2526 r.
662 2477 712 2527 sub
752 2472 1039 2537 liareurexhausturos‚'
1056 2475 1105 2522 &c
1138 2473 1243 2537 Ls'pstun
1270 2513 1273 2522 ,

176 2548 409 2613 Tarquinioregec
435 2552 711 2615 ‘Loeadivisapatri·
785 2552 865 2600 Forte
877 2551 977 2615 quoties
991 2554 1081 2613 motor·
1092 2550 1180 2598 ederet.
1212 2548 1288 2598 Unus

177 2625 437 2690 bns„eqaitibusque,
449 2629 712 2691 ubispectaculasibi
753 2630 822 2678 euim
834 2634 975 2691 praetorum
994 2625 1131 2690 quotannis
1150 2624 1223 2674 ludos
1240 2639 1287 2674 sno

176 2701 289 2764 quisque
325 2701 454 2764 facerent,
490 2703 538 2754 fori
577 2707 712 2769 appellati.
753 2711 839 2753 sumtu
851 2702 1009 2753 celebrabat.
1032 2703 1096 2751 'raa
1106 2702 1139 2750 de
1148 2699 1288 2770 Agricola:

175 2773 337 2838 Spectavere
347 2777 429 2828 furcis
441 2779 574 2829 duodenos
591 2781 623 2830 ab
643 2788 712 2831 terre
753 2779 848 2830 ‘Idem
867 2786 987 2844 praeturae
1000 2785 1083 2841 tenor,
1095 2781 1144 2826 dre.
1165 2777 1240 2826 ludos
1259 2783 1288 2826 st

175 2853 394 2914 spectaculaalta
408 2857 595 2920 sustinentibus
612 2857 712 2920 pedes!
752 2855 840 2906 inania
860 2845 962 2905 lionoris
982 2855 1058 2904 modo
1080 2853 1288 2918 retinuissetque

175 2927 231 2977 Sed
242 2936 343 2979 tantam
355 2931 381 2979 in
392 2932 478 2980 Circo.
753 2933 917 2982 obtruduntiae
933 2931 1027 2982 duxit!

209 3011 222 3036 ¹²
237 3004 419 3069 Sicoastdcrct]
450 3007 554 3071 Repete
565 3023 668 3058 sensum
679 3023 712 3057 ex
784 3016 796 3049 q
813 3008 961 3058 Necessitate
971 3007 1090 3070 cenando]
1111 3007 1220 3054 Secutus
1231 3013 1288 3054 sam

175 3095 253 3145 voce,
270 3096 333 3143 sum,
353 3098 449 3146 supra:
468 3085 614 3133 Noouanton
623 3085 713 3136 sub-tto-
752 3085 950 3147 manuscriptas.
991 3083 1105 3144 Vulgata
1123 3080 1229 3144 scriptio
1249 3087 1288 3130 ts·

174 3157 222 3205 rs'c's
237 3159 412 3220 pudibundos.
430 3160 587 3222 spectavisse:
613 3162 713 3222 bonust
752 3157 1160 3222 menrectsperinde,spectondt.
1182 3158 1288 3207 Utrum-

175 3234 317 3296 scanderet,
337 3235 429 3284 tlreatro
450 3236 502 3284 dies
528 3241 590 3285 totos
614 3237 713 3300 &asota
753 3253 802 3302 que
814 3237 883 3286 enim
893 3235 1039 3286 factitatum
1051 3236 1098 3284 sub
1109 3234 1148 3284 his
1164 3233 1288 3286 comoedis

175 3313 335 3362 continuaret.
753 3315 924 3382 principibus,
939 3301 972 3364 ‘ut
993 3314 1044 3362 viri
1071 3313 1184 3363 illustres
1204 3319 1232 3362 et
1253 3312 1289 3363 ud¹

209 3395 222 3420 ⁰
243 3388 447 3452 Spectaculorum]
481 3390 589 3454 Supple,
608 3407 713 3443 aocuss·
752 3395 889 3444 emendum
907 3399 1073 3457 cogerentur,
1084 3397 1112 3440 et
1131 3390 1164 3440 sd
1182 3395 1288 3454 spedus·

175 3463 250 3526 bunt,
269 3465 488 3528 indignabantnr3
518 3481 622 3530 nempe,
641 3469 714 3518 vario
753 3473 816 3520 dum.
850 3469 909 3518 Nec
921 3468 1058 3532 displleeat
1069 3466 1204 3531 geminari,
1212 3481 1289 3517 neree

173 3539 255 3601 fama,
266 3556 323 3600 seu,
332 3541 440 3590 diversis
451 3543 521 3606 salgi
531 3543 632 3606 studiis,
640 3545 709 3609 qnod
750 3547 823 3596 ritate
833 3545 963 3609 spectandi,
974 3549 1016 3594 aut
1027 3543 1142 3592 rotandi.
1175 3543 1289 3606 Lipsius·

173 3616 315 3680 nequidem
326 3625 473 3667 resumetur
484 3619 711 3684 antiquitas,quod
786 3624 866 3672 Certe
877 3623 1055 3684 austrumque
1066 3619 1228 3683 cogebantur
1239 3619 1288 3670 sub

175 3691 344 3743 abolerentur
364 3702 454 3751 vetera
472 3695 592 3745 instituta
609 3703 711 3759 spectu·
754 3699 860 3747 Nerone
883 3696 932 3746 riri
957 3697 1081 3746 illustres.
1125 3695 1176 3744 Sed
1200 3693 1289 3744 durior

175 3768 549 3832 culornmsutcertaminam3
573 3773 712 3837 quisprae-
752 3771 895 3822 necessitas
921 3771 1053 3836 majusque
1078 3769 1205 3834 flagitium
1227 3769 1292 3833 fuit,

175 3843 264 3906 cipue,
284 3845 433 3913 nnllaolim
454 3847 553 3896 civibus
571 3849 650 3898 allata
669 3864 713 3898 ne·
754 3849 823 3912 quod
834 3853 935 3911 cenare,
946 3863 996 3897 non
1016 3854 1118 3897 tanturm
1129 3850 1233 3910 spectare
1244 3859 1287 3894 ea·

174 3919 286 3968 cessitas
311 3925 380 3968 esset
402 3921 540 3972 assistendi
565 3924 641 3987 ludis,
666 3931 713 3974 ant
753 3930 886 3986 gerentur.
918 3924 1011 3988 Sicque
1022 3921 1186 3986 praeferenda
1197 3919 1288 3984 lectio,

176 3994 307 4044 certaudi.
753 3999 867 4048 certandi.
1271 4045 1274 4054 .

208 4070 357 4126 rQuotim
367 4073 499 4136 Praetores]
529 4074 617 4138 Vulgo
633 4077 666 4125 P.
678 4078 712 4126 R.
785 4074 915 4136 ‘Certoudss
951 4074 1091 4128 Theatrum
1119 4069 1289 4136 mesadendi,

174 4147 225 4198 sed
247 4154 320 4198 recte
343 4155 371 4198 ct
397 4165 469 4214 uere,
486 4152 576 4214 quoties
594 4154 713 4204 Pratum
752 4152 873 4212 saltandi,
892 4151 1017 4202 canendi:
1044 4164 1103 4198 num
1118 4148 1152 4196 de
1169 4147 1217 4196 hoc
1234 4147 1289 4212 agi.

174 4224 282 4276 sacrm.
323 4224 464 4278 Enimvero
482 4225 624 4280 editionem
640 4229 712 4282 ludo·-
752 4233 804 4282 tur.
838 4225 954 4279 Certusds'
964 4220 1288 4298 blo-nempecssurin'rbun
