2984 4850
159 373 186 428 J.
199 375 229 429 c.
240 375 295 442 sn]
519 373 731 483 trtrrsurunS
750 377 825 452 trs.
845 380 913 432 xv.
955 401 972 481 ⁴.
1104 403 1119 493 ,l
1174 374 1263 446 leet

157 518 338 582 cernerent:
361 511 546 600 (adjecisse
570 517 665 584 Deos
689 465 849 602 uirili*
867 458 1261 633 ursicinmugsimu

156 617 189 678 et
203 612 246 677 de
259 615 447 696 legionibus
463 616 627 684 Romanis
641 627 836 688 statuerent.
892 623 993 689 blissi
1008 635 1108 710 post¹
1123 650 1144 693 a
1159 630 1259 698 Paeto
1342 688 1345 693 .

155 817 258 888 tuerent
267 814 374 890 quidde
385 814 509 892 drinonis
518 825 649 894 egeretur.
662 883 669 896 .
682 817 840 882 Adjunnisss
855 821 928 870 Deos
941 828 1049 873 eustsss
1064 824 1171 888 dignuin
1180 825 1260 886 Ares,

154 875 270 926 undarunt
278 879 367 941 gisna,
375 885 403 953 st
411 882 520 931 simulet
531 882 565 932 ds
574 882 720 944 legionibus
729 884 805 934 Rom.
813 884 993 939 decernerent.
1026 887 1091 954 Deis
1102 890 1260 956 saisitl’atss

620 1035 795 1067 consequen

152 1131 243 1184 codice
255 1134 355 1199 leudat,
365 1152 428 1200 psus
444 1143 473 1187 ut
484 1139 601 1201 postulat
611 1139 751 1202 Latinitss,
766 1148 795 1191 et
806 1142 901 1193 merito
911 1143 1014 1206 recepit
1026 1145 1162 1195 Ernestus.
1194 1145 1258 1195 lire·

151 1197 258 1250 tien—²
277 1201 342 1249 Mss.
361 1201 438 1251 llari.
454 1202 532 1253 Bodl.
548 1203 605 1256 Jas.
622 1204 702 1254 corb.
716 1206 873 1270 penten-t
889 1208 954 1257 Mes.
969 1207 1045 1258 llsrl
1062 1209 1139 1258 Bodl.
1154 1208 1211 1261 Jes.
1227 1216 1256 1260 et

647 1347 758 1399 NOTAE

151 1464 206 1514 simi
216 1465 269 1515 siut
278 1467 388 1517 Romani
401 1469 556 1534 Purtbiqus,
566 1475 681 1520 attamen
723 1482 861 1534 ponerent,
887 1481 917 1525 nt
936 1476 954 1525 1.
975 1489 1036 1526 sut.
1080 1475 1255 1529 ‘Arbitrium

150 1543 196 1592 Dii
217 1543 385 1607 imperiorum
413 1546 514 1610 arbitri,
551 1546 680 1596 Armeniae
722 1547 1146 1614 quid-darentquidndirnerent!

149 1619 336 1680 possessiouem
349 1621 452 1669 Parthis
469 1623 681 1684 potinsdsrero·
754 1622 875 1684 Adiecitse
895 1625 969 1685 Deos,
990 1639 1084 1689 nempe
1106 1628 1192 1676 Dentn
1211 1627 1256 1682 bes

148 1693 262 1755 luerunt,
281 1708 387 1758 remque
403 1695 472 1744 inter
487 1699 680 1760 potentissimos
721 1694 849 1758 nignitate
880 1700 1019 1748 accessisse
1044 1703 1180 1751 instoriam
1209 1703 1255 1756 des

148 1772 258 1832 populos
274 1771 400 1820 incertam
418 1779 445 1821 et
462 1773 604 1836 ambiguam
619 1774 680 1823 bac·
720 1770 848 1821 libersudi
875 1775 958 1823 multo
980 1774 1131 1837 ampliorem
1153 1783 1182 1826 et
1209 1777 1254 1826 vix

148 1850 232 1906 tenus,
245 1845 284 1895 sic
295 1853 452 1907 transegere.
721 1856 862 1914 speratam,
877 1848 924 1898 sed
935 1849 1111 1913 dignissimam
1126 1851 1256 1914 unguitu-

180 1920 294 1988 Nenrpe,
311 1925 319 1948 ‘
332 1935 406 1984 reges
418 1921 443 1969 in
458 1922 528 1984 ipsos
542 1923 679 1986 imperinm
720 1921 929 1986 dinePartltica3
945 1927 1254 1992 nimirum,quidplscent

148 2003 188 2046 est
207 1997 302 2047 lovis)
334 1997 447 2046 Vertunt
467 1997 581 2060 qiridsur,
606 2001 678 2061 qttssi
719 1996 778 2049 fieti
798 1998 832 2048 de
852 2001 998 2064 legionibus
1020 2003 1156 2068 Romanis:
1184 2003 1253 2060 sdes

146 2071 193 2120 Dii
201 2071 250 2134 ipsi
259 2079 406 2121 statuerent
414 2073 445 2121 de
454 2073 598 2136 legionibus
605 2075 677 2124 Rom.
718 2086 762 2122 aas
775 2072 801 2120 in
813 2080 969 2136 poteststenr
980 2091 1046 2126 esse.

147 2160 223 2195 sensu
236 2146 302 2196 lulsn
314 2155 341 2196 et
353 2148 451 2211 inepto.
750 2150 809 2209 Vel,
825 2152 897 2200 Deos
907 2150 1010 2214 fecisse,
1028 2159 1057 2201 nt
1069 2154 1124 2217 ipse
1135 2153 1252 2218 adjicere

179 2223 251 2272 lllnm
272 2223 358 2286 locem]
388 2225 458 2273 Nihil
479 2225 515 2276 ibi
537 2225 611 2276 deest
631 2241 677 2290 pro
718 2226 846 2292 superiori
874 2229 983 2276 orationi
1011 2230 1148 2291 sequentis
1169 2229 1251 2280 verbe

147 2299 224 2362 genio
245 2299 342 2361 Taciti,
368 2301 411 2363 qui
435 2301 535 2365 speruit
556 2302 676 2366 conjunc·
717 2309 815 2362 posset.
847 2302 940 2353 Seuec.
954 2310 977 2352 1.
989 2304 1023 2352 de
1034 2303 1120 2353 benet.
1132 2306 1250 2355 to.⁴ce-

145 2375 242 2437 tiones,
263 2381 292 2426 ut
310 2377 413 2440 gravior
433 2376 560 2427 videatur,
605 2377 677 2437 wass
717 2381 801 2427 terunt
814 2377 880 2427 idern
892 2379 1250 2444 semperdenobispronuu·

147 2448 222 2498 loceris
232 2455 367 2515 tempusque
378 2451 474 2501 consilto
483 2452 636 2515 destinatum,
650 2454 677 2510 id
717 2453 783 2503 tiare
795 2455 928 2516 debemus,
939 2458 1019 2509 malos
1029 2472 1085 2506 esse
1096 2472 1152 2520 nos,
1168 2459 1251 2508 malos

144 2534 196 2590 est,
215 2544 266 2594 qun
284 2531 341 2579 loco
356 2532 431 2580 simul
445 2533 611 2583 consulerent
621 2534 678 2596 qnid
717 2528 808 2591 luisse,
825 2531 936 2596 (invitus
948 2531 1091 2595 adjiciam)
1108 2538 1136 2581 et
1147 2530 1249 2587 futuros

144 2606 174 2653 de
199 2598 314 2655 Armenio
340 2607 526 2668 decernereut;
553 2607 677 2673 (simplex
718 2605 794 2654 ete!
838 2606 980 2657 lleserunt
1000 2608 1026 2655 iu
1048 2608 1097 2657 boc
1118 2606 1200 2657 verbo
1220 2613 1250 2659 et

142 2686 277 2742 cernerem,
285 2696 332 2743 pro
344 2683 487 2747 composito
497 2682 618 2747 usurpat)
626 2685 676 2733 Ae·
716 2620 786 2744 “iud
799 2682 898 2732 livium
910 2695 937 2731 x.
949 2688 973 2733 7.
1007 2683 1147 2734 Gronovius.

136 2755 224 2814 jecisse
235 2757 299 2805 Deos
308 2750 406 2819 dignans
417 2757 497 2807 denus
507 2759 677 2809 Arsacidum
748 2756 882 2819 adjecisse]
899 2758 952 2807 Hic
963 2759 1069 2808 turbent
1077 2759 1248 2823 interpretes;

142 2832 260 2896 fastigio,
273 2836 675 2897 utsisseletdelegiosibsslions.
716 2833 763 2881 sed
785 2830 892 2883 frustra.
934 2835 1079 2898 Rescripsit
1096 2837 1248 2901 Vologeses,

147 2924 204 2960 ase
217 2911 328 2961 obsessis
343 2916 482 2962 nutam.
515 2912 622 2965 Omittit
631 2913 676 2962 ille
715 2908 765 2957 sibi
781 2908 877 2958 fratres
896 2910 1070 2974 opperiendos
1087 2926 1154 2961 esse.
1197 2913 1248 2963 lie·

141 2985 427 3051 perticulssqussdam,
437 3002 494 3051 que
504 2988 617 3051 suppleri
627 3002 676 3050 per
716 2985 829 3049 scripsit,
855 2984 928 3033 illurn
950 2986 1045 3044 locum,
1071 2999 1166 3047 nerups
1194 3000 1248 3051 que

142 3067 258 3112 ruentem
271 3062 378 3123 debent,
396 3067 425 3112 et
440 3062 517 3112 lscile
535 3069 608 3113 certe
619 3062 676 3121 sub·
715 3060 828 3111 obsessos
835 3062 950 3125 legiones
957 3062 1249 3125 Romsnn,tempusqus

140 3138 255 3201 intelligi
265 3145 373 3201 possunt
384 3139 539 3189 attendenti.
716 3138 862 3199 proximum
875 3136 969 3184 musitio
983 3135 1094 3185 fratrum
1104 3136 1248 3188 &nisam

176 3220 191 3245 ¹
207 3214 329 3273 adiecisse
350 3216 415 3264 Deos
437 3214 546 3277 dignen]
579 3217 675 3271 [nomn
715 3225 784 3268 esse,
798 3226 849 3274 qno
864 3210 940 3260 simul
956 3210 1007 3273 ipsi
1023 3216 1171 3260 statuerent
1183 3210 1248 3276 quid

141 3289 212 3339 bunc
222 3303 310 3339 sanum
327 3290 519 3354 integrumque,
534 3297 562 3340 et
573 3296 674 3345 tautum
714 3285 748 3335 de
759 3284 884 3335 Armenia
895 3286 1075 3335 decernerent.

143 3364 326 3427 explicandum
338 3365 478 3421 contendo.
517 3365 612 3415 Sensus
623 3365 674 3429 bic,
748 3360 833 3411 Etiam
851 3362 996 3424 rescripsit,
1011 3362 1122 3422 wecisse
1132 3366 1161 3411 et
1171 3361 1248 3427 Dosa,

141 3448 172 3489 ut
183 3440 333 3491 brevissime
349 3442 448 3490 dicam:
465 3442 532 3489 Τιιιιι
549 3442 673 3505 temporis
714 3451 769 3487 tem
786 3436 888 3500 dignum
906 3436 1093 3485 Arsacidarum
1109 3437 1201 3499 gloria,
1215 3443 1247 3489 ut

142 3514 191 3571 boc¹
201 3516 291 3578 ipsein
301 3516 422 3566 locofure
432 3524 604 3579 opportunum
615 3530 674 3566 con·
713 3514 785 3563 sienni
795 3519 819 3563 et
829 3516 860 3561 de
872 3512 1002 3574 ugiente
1019 3513 1089 3561 lion.
1106 3518 1246 3566 nument.

141 3592 315 3655 sultare,qnid
325 3594 496 3642 decernerent
505 3591 673 3643 deArmeniae
715 3590 793 3641 Quod
817 3590 893 3651 paulo
919 3588 1002 3637 ninus
1029 3588 1156 3651 contigit:
1184 3603 1246 3641 nats

140 3666 304 3729 possessione
316 3668 401 3729 simul,
412 3675 449 3730 et,
462 3667 552 3733 (quum
562 3668 609 3717 Dii
619 3683 673 3717 reru
713 3666 807 3715 eodem
825 3666 884 3714 loco
907 3671 1024 3714 statuere
1048 3665 1081 3711 de
1101 3665 1245 3728 legionibus

141 3743 244 3805 diguam
256 3744 441 3793 Arsacidarum
453 3746 591 3807 majestate
603 3744 673 3808 adje-
715 3741 835 3802 obsessis,
853 3739 945 3788 eodem
961 3740 1019 3788 loco
1035 3746 1160 3788 statutum
1171 3745 1199 3788 et
1210 3739 1245 3789 de

141 3819 252 3883 cerunt,)
267 3820 331 3883 quid
342 3827 475 3870 satuereut
487 3820 519 3869 de
529 3819 673 3882 legionibus
713 3816 845 3874 Armenia,
856 3814 926 3864 etde
939 3830 1011 3878 pace,
1031 3815 1076 3863 sed
1088 3828 1138 3863 uon
1150 3812 1244 3862 eodem

142 3894 276 3956 Romanis,
292 3896 432 3959 qrtamillis
449 3898 531 3959 legent
543 3896 612 3959 pacis
628 3896 672 3945 da·
714 3899 832 3954 ternpore
848 3905 899 3955 qno
916 3889 1049 3940 obsidione
1065 3895 1164 3953 erepte
1183 3896 1245 3938 suut
1347 3916 1352 3919 -

140 3974 209 4021 rent.
712 3967 842 4030 legiones:
878 3966 906 4015 ill
937 3963 1036 4016 fectum
1062 3963 1168 4025 ibidem,
1196 3962 1243 4016 sed
1283 3964 1288 3969 '

175 4046 280 4095 Consilio
290 4046 348 4110 qnid
358 4052 488 4108 omont,
499 4046 613 4102 breuiter
623 4052 672 4109 est,
712 4050 816 4108 postea,
852 4056 946 4108 nempe
970 4040 1118 4092 Corbulone
1149 4037 1244 4104 imper,

141 4134 195 4183 quo
215 4126 346 4171 trsctstur
361 4124 672 4186 rememorantem
712 4126 783 4189 esne,

141 4193 220 4248 finem
238 4198 425 4251 controversie
440 4199 474 4249 de
488 4196 611 4254 Armenia
627 4196 673 4249 im·
