2984 4850
138 408 275 475 seso}
470 400 699 490 'inueniunt
724 402 797 453 nis.
821 404 902 453 xrr.
1164 388 1251 455 1685

139 570 224 628 rum,
240 566 328 633 quos
344 548 446 631 Regi¹
461 546 590 632 Apioni
600 549 775 632 quondam
793 549 961 615 habitos²⁰
984 552 1018 613 et
1042 548 1129 632 Pop.
1145 546 1248 613 Roma

140 671 215 715 eam
242 651 365 733 Regno
385 650 531 727 relictos,
555 651 729 734 proximus
750 652 894 733 quisque
917 668 1094 733 possessor
1118 650 1248 713 invase·

138 734 223 830 rant,
238 752 432 835 diutinaque
446 753 583 816 lieentia
596 759 630 815 et
644 751 776 835 injuria,
788 754 887 834 quasi
898 752 973 835 jure
993 758 1028 815 et
1043 770 1142 833 aequo
1163 751 1249 821 nite-

137 855 283 919 bantur..
316 854 422 937 Igitur
447 855 649 939 abjudieatis
675 854 791 937 agris,‘¹
822 860 893 919 orta
917 853 1076 917 adversus
1096 851 1247 936 judicem

137 955 292 1021 invidia:
316 962 350 1020 et
363 955 515 1032 Senatus,
531 959 541 988 ‘
557 956 667 1036 ignota
683 958 750 1019 sibi
770 976 843 1021 esse
867 954 1025 1019 mandata
1041 953 1199 1029 Claudii:
1215 956 1249 1017 et

137 1058 376 1123 eonsulendum
390 1056 603 1141 Principem,’
618 1058 801 1142 respondit.
847 1057 951 1133 Nero,
978 1057 1130 1139 probata3
1154 1054 1248 1138 Stra*

133 1230 220 1292 papale
232 1228 305 1277 Rom.
323 1243 375 1276 cem
387 1228 512 1293 manneio
531 1235 670 1279 testamento
687 1232 789 1292 legatas,
805 1230 897 1279 ricinus
908 1231 1003 1293 quisque
1019 1242 1136 1292 possessor
1152 1241 1248 1290 anspe-

135 1298 200 1353 rent,
210 1297 235 1341 et
243 1292 357 1341 diuam
366 1294 515 1355 possidendi
527 1295 594 1357 eopia
601 1300 626 1344 et
634 1295 765 1358 injustitie,
775 1296 908 1356 velutijrrre
919 1300 943 1343 et
954 1294 1066 1357 equitate
1075 1308 1100 1341 se
1111 1292 1246 1353 tuebantur.

137 1356 222 1419 ltaque
232 1357 400 1416 tmisjsdieio
410 1360 520 1419 ademtis,
536 1361 628 1408 exarsit
641 1360 722 1409 odiam
738 1360 868 1409 sociorum
885 1360 996 1407 adsersus
1008 1360 1204 1420 dbeeptntorem
1223 1361 1246 1404 rt

136 1420 225 1470 Patres
233 1423 381 1486 respendere,
395 1425 468 1487 jussa
487 1425 591 1473 Claudii
609 1424 659 1474 sibi
679 1425 811 1489 incognita
830 1437 896 1488 esse,
907 1423 1091 1473 eiadeundunr
1105 1423 1246 1473 cesarem.

169 1665 181 1709 l
201 1660 340 1712 Assentior
355 1664 444 1727 Lipsio
454 1665 618 1715 seribendum
635 1667 766 1730 suadenti,
783 1669 835 1730 regi
845 1667 949 1731 Apionis
962 1672 991 1716 ot
1002 1678 1041 1714 xr.
1053 1670 1093 1713 35.
1104 1663 1112 1693 ‘
1122 1660 1246 1728 quiequid

136 1722 252 1775 bsbitnrn
265 1728 413 1778 Neronibus
422 1745 453 1778 ae
466 1730 579 1779 Drrrsis.'
596 1732 714 1795 Ryelrias.
730 1732 800 1782 Bod.
810 1741 837 1781 et
850 1733 893 1781 alii
906 1731 983 1793 aegis
992 1730 1102 1792 Apionis,
1112 1727 1181 1792 quod
1192 1741 1245 1776 ser·

136 1791 338 1841 rat¹Brotierus
358 1794 393 1851 Et
403 1794 440 1843 sie
453 1793 659 1845 Gronovius-2
677 1798 778 1859 Lipsius
790 1798 850 1845 olim
862 1796 1020 1857 conjiciebat
1032 1798 1108 1842 ositos
1120 1807 1166 1855 pro
1177 1792 1240 1839 lrabi·

136 1857 180 1915 les,
190 1855 281 1919 sieque
291 1865 441 1907 correxerat
452 1859 492 1906 vir
503 1858 595 1909 doetru
605 1861 632 1908 in
644 1860 686 1911 ed.
698 1860 799 1923 Gryplr.
814 1860 860 1908 sed
879 1858 941 1907 illud
953 1858 1059 1916 melios3
1078 1858 1142 1916 Regi
1153 1856 1245 1905 helios

135 1916 187 1968 ie.
200 1934 344 1983 possessos.
373 1923 520 1972 Ernest-tt
538 1925 579 1973 Ita
598 1925 723 1985 Plebena,
743 1931 849 1973 secutus
867 1924 978 1986 vestigia
996 1922 1047 1969 Ms.
1065 1921 1134 1969 Flor.
1145 1920 1174 1969 iu
1185 1932 1245 1983 qno,

135 1984 279 2045 unsina.
313 1985 346 2033 In
357 1987 421 2035 Mss.
433 1988 509 2038 Bedl.
519 1988 573 2039 Jes.
586 1988 674 2039 Guelf.
687 1989 803 2051 Princeps
813 2003 842 2037 ne
850 1988 958 2051 probato.
975 1987 1007 2035 ln
1020 1986 1070 2034 Ms.
1084 1984 1158 2033 Harl.
1172 1984 1244 2033 Prin·

134 2060 187 2109 seps
198 2043 275 2098 Nera.
292 2048 325 2099 ln
337 2051 388 2100 Ms.
401 2050 465 2114 Agr.
478 2059 505 2100 et
517 2052 632 2102 editione
644 2054 771 2118 principe,
784 2069 812 2102 ne
827 2052 967 2116 improbato.
1001 2050 1078 2099 Unde
1096 2048 1184 2097 niallet
1198 2047 1245 2095 Er'·

135 2117 232 2171 nesius,
242 2128 285 2161 nee
292 2113 432 2177 improbata,
443 2123 488 2164 ant
497 2118 593 2180 potius,
603 2134 649 2166 non
659 2118 803 2182 improbata.
819 2117 932 2167 Brotier.
955 2116 1021 2165 Rutu
1033 2122 1119 2165 tamen
1129 2112 1244 2163 malebat

136 2174 162 2225 J.
173 2176 202 2226 F.
215 2177 381 2248 Gronovius..
397 2181 493 2244 Rycsu
503 2182 568 2232 Cod.
579 2183 695 2245 Princeps
705 2199 750 2231 nen
760 2182 899 2246 improbata.

637 2311 745 2362 NOTAE

167 2435 283 2500 eApioni
301 2440 416 2501 quondam
442 2439 545 2506 idios]
582 2441 668 2505 Vulgo
709 2449 882 2505 cognomento
893 2441 990 2505 Apion.

135 2509 254 2576 Arban:
268 2523 296 2563 at
307 2515 374 2579 lego,
389 2515 551 2580 regiApioni.
585 2517 668 2566 Rufus
741 2519 879 2584 Appianas
889 2534 909 2568 r.
920 2518 997 2569 Civil.
1007 2517 1015 2547 ‘
1027 2516 1151 2581 Sequenti
1168 2529 1244 2580 anno,

135 2589 181 2641 bae
199 2591 233 2641 de
256 2607 300 2642 re:
335 2594 551 2658 ‘Cyrenaicum
574 2597 669 2646 ceteris
709 2597 820 2660 populus
838 2596 970 2645 Romanus
986 2593 1083 2643 duabus
1104 2591 1243 2656 provinciis
1281 2651 1284 2656 Ι

135 2666 286 2717 civitatibus
298 2669 389 2734 Libyae
402 2671 563 2734 Pentapolis,
580 2673 669 2722 Ptole·
710 2687 743 2724 err
756 2673 917 2721 testamentis
930 2686 1024 2734 regum
1036 2675 1075 2718 est
1088 2674 1188 2732 auctus,
1199 2666 1243 2716 Bi-

134 2744 192 2792 nraei
210 2743 364 2808 antiquioris
384 2746 543 2796 liberalitate
555 2749 669 2813 suscepi·
709 2748 826 2812 tiryniam
840 2747 985 2798 Nicomede
1004 2746 1178 2810 relinquente,
1194 2745 1246 2808 Cy·

134 2831 198 2867 nias.
228 2819 337 2882 Libyam
347 2835 469 2884 supremo
480 2822 549 2885 regis
559 2822 668 2886 Apionis
708 2839 789 2874 renen
797 2825 941 2874 Ptolemaeo
949 2839 982 2874 ex
990 2823 1106 2887 Lagidis,
1115 2821 1157 2870 eui
1165 2820 1245 2884 Apio·

133 2893 474 2944 arbitriisnmusessecnti!
498 2897 568 2947 ltem
576 2900 669 2949 Eutro·
709 2889 1024 2964 nieognenientunrirrit.'
1056 2898 1163 2960 Lipsius.
1229 2939 1233 2950 .

133 2970 208 3033 pins:
226 2973 305 3024 ‘Quo
325 2980 443 3037 tempere
463 2974 547 3040 Libya
566 2991 668 3042 qnoque
740 2974 918 3037 “Alrjndicatr's
937 2976 1015 3040 agris]
1040 2975 1072 3024 Id
1096 2979 1144 3034 est,
1165 2973 1244 3022 Acilii

133 3046 249 3098 Romano
269 3049 389 3113 imperio,
408 3065 456 3114 per
479 3058 666 3104 testamentum
708 3051 845 3102 Strabonis
866 3050 997 3101 sententia
1014 3065 1029 3098 a
1051 3047 1243 3113 Cyrenensibus

132 3121 251 3185 Apionis,
261 3125 306 3190 qni
317 3139 364 3174 rex
373 3125 428 3189 ejus
437 3124 531 3191 tuerat,
540 3130 663 3180 accessit:
708 3128 776 3190 agris
784 3125 1069 3189 ablatis,etPop.Rorn.
1077 3123 1243 3188 adjudicatis.

132 3197 159 3247 in
169 3215 222 3264 qus
239 3201 344 3265 inelytae
358 3203 479 3253 civitates
490 3211 574 3269 erant,
586 3207 665 3256 Bere·
708 3205 758 3252 Est
770 3218 831 3252 vero
849 3202 985 3264 abjudicare
1005 3215 1063 3262 rein,
1075 3199 1108 3248 de
1119 3214 1170 3263 qun
1181 3213 1243 3250 οοῐι·

130 3275 198 3339 niee‚
208 3276 362 3340 Ptolemais,
373 3285 401 3327 et
413 3279 541 3342 Cyrenas?
709 3277 835 3327 troversia
867 3283 916 3334 est,
949 3275 1093 3340 judicando
1131 3274 1242 3338 eripere.

165 3350 301 3417 Appianas
310 3355 336 3402 in
345 3356 666 3408 extremoMitbridatieo:
708 3355 786 3404 Unde
811 3354 955 3415 abutimini
976 3367 1034 3414 “titi
1058 3351 1143 3414 Livii),
1166 3367 1243 3416 ‘luem

132 3425 668 3496 ‘Apio,RexefnmiliaLagidarumspu·
708 3430 822 3481 Romani
848 3430 937 3494 iniquo
961 3428 1061 3492 judicio
1089 3428 1243 3492 eripuerant

133 3503 325 3566 rins,Romauis
336 3511 493 3557 testamento
502 3508 606 3574 reliquit
617 3511 666 3575 Cy·
707 3505 878 3559 Ardeatibus.
911 3505 1032 3568 Lupones.

134 3579 242 3632 renem!
557 3634 558 3637 ,
740 3591 751 3616 ⁰
768 3585 886 3634 blendoto
897 3580 1005 3644 Clnulii]
1024 3580 1094 3633 Quia
1104 3581 1243 3638 lrandeou·

163 3655 274 3704 Factum
286 3655 334 3705 lroe
346 3657 599 3724 assentationes.
610 3661 666 3710 Coe·
707 3661 776 3710 suite
784 3666 885 3720 senatu,
897 3658 1003 3708 miserat
1014 3656 1128 3706 Acilium
1140 3657 1242 3720 discep-

131 3728 336 3794 lio,L.Demitio
345 3735 419 3785 Coss.
434 3736 487 3785 Sed
499 3743 665 3801 utmoneam,
707 3742 829 3798 tutorem,
850 3731 920 3782 forte
943 3733 1004 3796 quia
1026 3731 1083 3779 haee
1108 3731 1244 3797 provincia

130 3805 157 3854 in
176 3808 263 3858 verbis
279 3808 339 3858 Ruti
354 3824 447 3860 vereor
462 3818 493 3862 ut
511 3813 605 3863 menda
623 3815 667 3877 sit,
707 3811 833 3876 principis
845 3808 905 3873 snit,
923 3824 974 3859 non
993 3809 1085 3873 populi
1096 3807 1174 3858 Rom.
1193 3808 1243 3856 sie-

128 3879 194 3932 lieet
204 3885 343 3934 occultior.
376 3885 441 3936 Quis
451 3887 495 3936 ille
506 3887 666 3940 Ptolemaeus
708 3903 759 3951 que
771 3887 798 3935 id
810 3886 849 3936 sni
862 3886 973 3936 muneris
984 3883 1036 3935 fuit
1052 3883 1113 3934 dare
1125 3883 1242 3949 judiceris

128 3958 277 4024 antiquior?
293 3959 420 4026 Plerique
442 3978 531 4015 omnes
547 3965 666 4030 AEgyprii
705 3961 733 4010 in
753 3962 858 4025 propria
869 3974 962 4010 carisa:
981 3959 1049 4024 quod
1062 3974 1113 4010 non
1129 3973 1241 4018 novnmj

129 4048 205 4099 reges
216 4034 365 4098 Ptelemaei,
381 4044 409 4086 et
424 4054 515 4101 parurn
527 4041 610 4104 proba
621 4048 666 4092 snt
705 4044 743 4100 et,
755 4045 784 4086 ut
797 4037 1005 4102 inquitl'aeitusj
1016 4039 1023 4064 ‘
1036 4035 1096 4086 Diis
1108 4034 1241 4099 placitum,

129 4117 242 4174 recepta
251 4111 409 4160 discriminis
425 4115 479 4164 baee
489 4123 559 4167 nota.
573 4116 666 4168 Ausim
706 4122 734 4163 nt
754 4129 805 4163 non
826 4113 887 4162 alios
908 4127 984 4176 quarn
1004 4111 1118 4173 seipsos
1136 4108 1241 4173 judiees

130 4186 288 4248 resenbere,
309 4187 436 4237 Ptolernoei
457 4190 563 4254 Apionis.
596 4195 666 4247 Nam
707 4189 883 4254 paterentur5’
900 4185 1241 4251 Ronraninempe‚etpr·in·

128 4261 173 4314 trie
194 4273 258 4314 sane
280 4275 329 4312 rex
353 4262 514 4320 Ptolemaeus
538 4267 599 4334 tuit,
618 4270 666 4329 aad
706 4267 780 4333 cipes
790 4266 940 4319 bacuane
951 4278 1020 4316 nasu.
1040 4291 1063 4302 π
1136 4301 1137 4304 ¹
1171 4289 1185 4316 ·.
1227 4293 1231 4304 -
