2984 4850
159 387 230 442 ac,
243 387 294 450 aa]
508 381 722 430 Annanaruu
740 379 813 430 ute,
834 381 913 432 xiva
1178 369 1266 435 ltro

160 503 316 592 iucundae
345 523 497 606 legionis
523 519 663 607 cognitis
693 519 1069 608 quartadecimanomm'
1087 527 1266 594 vicesima·

160 615 345 711 uarumque
358 626 528 709 prosperis
550 627 662 705 robur,
678 621 761 710 quia
780 628 856 712 pari
871 628 977 709 gloria
989 629 1151 709 legionem
1166 645 1264 695 suam

160 730 387 806 fraudaverat,
397 729 632 812 abnueratque,
646 733 762 792 contra
769 729 868 793 ritum
881 730 1019 808 militiae,
1031 729 1128 812 jussa
1143 732 1263 811 Ducis,

162 851 199 896 se
214 833 328 915 ipsum
344 830 454 912 gladio
465 831 633 913 transegit.
1261 841 1267 850 ’

168 939 170 948 ’
203 933 261 999 38.
285 932 482 998 Contractus
495 931 614 995 deinde
628 934 733 996 omnis
749 932 918 997 exercitus
933 934 995 996 sub
1015 933 1158 1016 pellibus
1171 933 1267 999 habia
1359 925 1366 937 ⁸

161 1021 216 1128 ¹ius
244 1040 306 1114 est,
334 1035 378 1099 ad
403 1035 532 1126 reliqua
557 1034 637 1098 belli
664 1030 891 1118 perpetranda.
943 1033 1117 1117 Auxitque
1147 1036 1266 1118 copias

163 1136 290 1214 Caesar,
315 1136 457 1199 missise
472 1135 650 1200 Germania
665 1136 796 1199 duobus
819 1137 1072 1218 legionariorum
1094 1137 1267 1213 millibus,¹

163 1245 238 1304 octo
265 1238 488 1302 aurriliariam¹
512 1239 703 1304 cohortibus
728 1239 887 1303 armilla
916 1221 1098 1322 equitibus:
1123 1234 1264 1319 quorum

163 1339 306 1404 adventu
332 1340 454 1403 nonani
478 1340 657 1422 legionario
685 1339 790 1418 milite
818 1339 963 1422 suppleti
992 1339 1089 1419 sunt3
1115 1336 1266 1402 cohortes
1309 1329 1317 1342 ’

164 1441 295 1524 alaeque
309 1441 407 1534 nonis
420 1439 654 1524 hybernaculis'
674 1442 810 1518 locatae,
825 1440 981 1522 quodque
1004 1440 1174 1503 nationum
1197 1458 1266 1501 am-

163 1529 299 1624 biguum
313 1542 551 1606 autadversum
560 1541 677 1620 fuerat,
692 1543 761 1624 igni
776 1548 876 1624 atque
889 1541 976 1604 ferro
991 1538 1165 1603 'tristatum2
1196 1539 1266 1603 Sed

163 1644 245 1708 nillil
269 1665 377 1728 aeque,
399 1664 498 1728 quam
521 1645 637 1724 fames,
661 1644 829 1728 affligebat
852 1643 998 1707 serendis
1026 1641 1189 1722 frugibus³
1218 1641 1268 1703 in-

164 1745 325 1824 curiosos,
340 1750 374 1809 et
386 1745 477 1810 omni
491 1750 590 1811 aetate
605 1747 648 1810 ad
662 1747 786 1812 bellum
801 1751 923 1822 versa,4
934 1743 1015 1806 dum
1029 1749 1160 1806 nostros
1175 1762 1266 1807 com·

164 1949 215 1984 mae
223 1931 349 1998 prefectus
359 1939 487 1990 castrorum
494 1935 600 1984 secunde
608 1934 718 1996 legionis,
726 1937 844 2000 comperta
855 1931 954 1980 victoria
965 1930 1065 1992 legionis
1074 1931 1269 1994 qtrartadecimoe,

165 2004 188 2048 et
200 1999 389 2048 vexillariorum
401 2000 523 2062 obeunte,
530 2000 587 2062 qnia
597 1999 674 2047 simile
685 2001 755 2046 deora
767 1997 897 2046 abstulerat
908 2012 957 2044 ena
968 1996 1065 2060 legioni,
1076 2002 1100 2044 et
1115 2001 1205 2058 prater
1220 2012 1270 2046 nm·

165 2078 215 2112 rem
227 2063 282 2112 belli
290 2065 462 2112 detrectaverat
473 2065 572 2128 imperia
581 2064 655 2123 ducis,
663 2063 765 2125 seipsum
775 2062 844 2120 serra
853 2061 989 2120 transfodit.

198 2127 265 2176 Dein
275 2132 405 2176 amoenata
415 2128 529 2177 universa
540 2131 612 2190 eopia
622 2127 664 2176 sub
677 2127 786 2175 tentoriis
794 2130 893 2174 retente
903 2130 958 2173 sunt
976 2125 1007 2172 ad
1017 2124 1112 2172 residua
1122 2123 1176 2173 belli
1192 2124 1272 2187 profli

166 2193 254 2252 ganda.
287 2192 433 2253 addiditque
443 2193 543 2241 militem
554 2193 671 2254 princeps,
686 2191 788 2239 missiae
801 2190 930 2238 Germania
940 2190 1029 2237 duobus
1044 2189 1147 2237 millibus
1166 2190 1270 2249 legiona-

167 2257 268 2316 riorum,
280 2263 330 2304 oeto
347 2255 480 2304 cebortibui
497 2258 621 2316 sociorum,
638 2261 660 2304 et
678 2255 743 2304 mille
760 2255 875 2317 equalibus
880 2271 889 2310 ,·
905 2254 988 2316 quibue
1003 2253 1116 2314 maeatis,
1130 2267 1192 2300 nona
1210 2255 1272 2314 tegio

168 2333 199 2368 eo
209 2320 288 2367 nuilite
300 2320 456 2368 Germanico
467 2323 573 2383 suppleta
584 2326 620 2368 est
626 2335 635 2376 ,·
646 2321 751 2368 cobortes
761 2327 785 2367 et
796 2321 841 2366 ate
851 2318 978 2366 sociorum
988 2317 1123 2364 distribute
1133 2324 1194 2364 snut
1204 2320 1271 2365 nocie

165 2383 294 2447 praeridiir,
302 2387 407 2447 quodque
417 2385 591 2433 Britannorum
606 2384 684 2433 dubie
693 2383 765 2448 fidei,
774 2389 816 2431 ant
827 2382 944 2443 infensum
956 2381 1048 2441 fuerat,
1055 2381 1123 2438 serra
1128 2380 1272 2443 flnnrmaqne

168 2448 325 2497 eauirditur.
359 2450 406 2497 Sed
420 2442 481 2497 nibil
497 2451 596 2513 perinde
609 2449 737 2513 afflictabat
754 2449 842 2502 bostes
853 2463 881 2494 aa
897 2447 976 2508 inopia
997 2445 1201 2505 annonoe,cotendi
1216 2446 1273 2505 agri

169 2512 326 2577 negligentes,
342 2518 366 2563 et
377 2512 451 2563 omnis
466 2513 547 2563 etatis
561 2514 706 2562 hominibus
723 2514 755 2561 ad
770 2527 837 2561 arnna
855 2512 949 2573 exmia,
968 2512 1024 2558 dum
1039 2514 1131 2557 nostros
1146 2508 1224 2571 copias
1245 2523 1273 2573 ue

176 2746 179 2767 ¹
202 2744 214 2787 l
234 2739 279 2789 Sic
290 2739 357 2789 bene
369 2742 432 2791 Mes.
443 2742 512 2790 Flor.
524 2742 591 2803 Reg.
603 2739 684 2788 editio
696 2738 816 2801 princeps
827 2741 855 2786 ct
866 2735 1033 2786 recentiores.
1066 2734 1097 2783 Iu
1112 2735 1177 2783 Mes.
1195 2734 1272 2783 Harl.

171 2803 249 2852 Bodl.
261 2806 318 2855 Jes.
331 2811 359 2853 rt
371 2806 540 2865 Puteolanus,
551 2804 739 2853 auaitinrr'orum.
760 2801 922 2851 Bretina-2
939 2802 1064 2861 Ernestos
1081 2800 1181 2857 mallet,
1196 2802 1274 2847 easta·

172 2873 282 2917 ειη-3
301 2870 422 2919 Heinsius
431 2867 777 2929 malletrerendafrugie.—4
793 2866 825 2915 ln
839 2866 891 2928 llis.
901 2866 968 2927 Reg.
980 2870 1007 2911 et
1019 2863 1133 2911 editione
1145 2863 1273 2925 principe,

172 2934 203 2981 ud
219 2932 307 2981 bellum
318 2948 402 2983 aanor.
436 2933 514 2983 Unda
535 2933 693 2997 conjiciebat
709 2934 846 2994 Ernestue,
865 2929 927 2978 omni
943 2933 1027 2977 entare
1042 2929 1073 2975 ad
1092 2926 1177 2975 bellum
1187 2940 1274 2976 rasos.

666 3036 776 3112 'asora

176 3184 180 3193 ·
202 3157 255 3208 Sed
268 3172 346 3223 quarn
355 3158 516 3208 verisimilius
528 3164 578 3220 est,
589 3158 704 3220 reginam
745 3155 849 3215 beator,
869 3168 990 3216 expensa
1008 3152 1087 3201 etiam
1107 3151 1140 3199 ad
1159 3151 1216 3215 ejus
1235 3150 1274 3208 inf,

171 3246 271 3281 veneno
287 3232 338 3280 sibi
356 3240 464 3281 mortem
484 3233 705 3293 maturaverant
745 3232 869 3281 dustriam
886 3230 1057 3293 pertinebant.
1091 3228 1281 3292 Vehiculum·-

172 3307 385 3367 intentantem,
407 3316 436 3357 at
453 3324 546 3372 nempe
564 3322 704 3369 carcerem,
745 3307 853 3370 gruarii,
878 3321 980 3355 necnon
1005 3306 1084 3355 etiam
1106 3304 1275 3367 ferramenta,

99 3404 102 3409 ·
174 3384 550 3447 triumphum,eupplicium,et
561 3384 705 3435 ceterasin·
744 3382 837 3447 quibus
849 3384 969 3432 materies
980 3390 1084 3431 secutur
1101 3382 1143 3430 vel
1155 3381 1276 3443 caeditur,

167 3460 250 3523 jurias
261 3461 369 3509 victoris
380 3458 517 3523 effugeret.
662 3485 666 3493 ·
745 3458 890 3521 quibusque
901 3459 1053 3521 aperiuntur
1063 3457 1138 3505 fossae
1155 3458 1227 3505 circa
1243 3456 1277 3505 si·

205 3544 222 3567 '
239 3537 373 3597 Profertur
391 3536 531 3599 castrorum]
552 3535 703 3599 Dequosie
745 3533 909 3584 tumvalliet
925 3532 1114 3597 aquaeductus.
1148 3532 1276 3595 ltemlig-

172 3614 313 3677 vegetius:
340 3614 429 3661 ‘Erat
455 3613 533 3662 etiam
561 3618 703 3661 castrorum
745 3624 779 3663 na
791 3609 832 3657 vel
850 3609 985 3668 stramina,
1000 3611 1103 3668 arictes,
1115 3609 1213 3671 onagri,
1224 3608 1278 3655 bal·

173 3689 322 3752 prrefectns‚
350 3689 412 3737 licet
438 3688 544 3737 inferior
565 3688 704 3751 dignitate,
744 3685 1277 3749 lineamentaquegeneratormentorum‚

172 3775 314 3827 wctrpatnn
343 3774 427 3812 tamen
456 3778 505 3812 non
534 3762 706 3812 mediocribus
745 3776 778 3809 ne
797 3760 928 3821 deessent,
945 3761 1082 3824 aliqnando
1103 3757 1278 3823 procurabat!

172 3840 275 3899 σαπείη
293 3839 324 3885 ad
343 3854 419 3903 quem
437 3846 580 3889 castrorum
602 3838 705 3901 positio,
745 3836 866 3885 Praeerat
874 3837 968 3899 legioni
978 3836 1118 3899 praefectus
1130 3836 1279 3884 illecnstroo

173 3916 234 3965 valli
246 3926 274 3963 et
293 3912 369 3963 fossa
389 3916 529 3964 destinatio
549 3916 707 3977 pertinebat,
746 3926 813 3972 rum,
825 3912 931 3960 absente
941 3913 1027 3973 legato
1038 3912 1157 3973 legionis:
1175 3922 1225 3956 non
1237 3922 1278 3971 ea,

151 3990 343 4041 xtabernacula
361 3995 398 4039 vel
421 4006 487 4040 casae
509 3990 627 4051 militurn,
648 4004 707 4038 erim
748 3989 793 4035 sed
805 4001 872 4035 noua
883 3987 951 4049 legio
963 3988 1085 4049 suppleta
1096 3984 1278 4035 estGemruai·

174 4064 520 4127 impedimentisssomnibur,
543 4072 607 4111 nutu
626 4063 706 4125 ipsius
746 4065 820 4110 cinno
832 4063 924 4111 milite.
987 4077 992 4080 ·
1272 4091 1275 4106 .
1332 4101 1337 4107 .

174 4140 340 4190 curabantur.
382 4141 516 4190 Praeterea
535 4142 598 4203 aegri
618 4147 708 4188 eontu—
782 4134 1217 4199 ¹Daobueiegionarinrsmmiilibue]
1226 4134 1279 4186 Qui

173 4216 310 4278 berndec,-
325 4222 353 4265 et
373 4217 468 4265 medici
491 4232 506 4265 a
528 4216 619 4280 quibus
635 4228 708 4263 cara·
750 4215 852 4264 nomine
869 4211 1068 4274 vexillariorum,
1078 4223 1125 4258 sea
1136 4210 1280 4260 cohortium

239 4296 366 4361 aetnae
385 4297 527 4377 raucus.
688 4293 767 4348 rnen.
1167 4290 1213 4340 ss
