2984 4850
134 352 161 407 a.
175 352 273 417 ceap
495 347 703 403 annuemus
727 350 801 405 nra.
824 348 907 403 xia.
1152 332 1239 415 sffit

176 493 232 557 17.
256 491 329 555 Sub
342 491 431 555 idem
444 496 585 575 tompus,
599 492 666 558 levi
680 494 901 563 corneulione¹
916 494 1014 559 atrox
1028 491 1140 559 coedes
1154 498 1239 575 orta,
1331 488 1334 501 '

133 592 215 665 inter
228 594 368 657 colonos
383 592 585 657 Nucerinosq
600 592 915 676 Pompeianosque*
927 592 1126 675 gladiatorio
1141 614 1239 677 spee-

132 694 257 774 lncnla,
268 694 361 777 quod
375 692 560 757 Lirineins²
572 700 582 728 ⁸
595 692 756 773 Regulus,
771 714 871 776 quem
889 701 1017 783 motum
1039 694 1164 763 Senem
1184 717 1238 766 re·

133 796 206 872 tuli,
223 795 365 859 edebat:
392 794 519 876 quippe
544 794 715 877 oppidana
739 795 882 859 lascivio
905 794 1048 875 invicem
1069 798 1241 877 incessen-

133 902 208 974 tes,³
225 897 360 980 probra,
375 894 492 959 deinde
511 914 608 973 saxa,
634 902 805 978 postremo
829 897 951 961 ferrum
964 916 1129 978 sumsere,
1152 899 1239 975 velif

165 1077 258 1124 Eadem
269 1079 407 1138 tempestate
417 1072 528 1124 immanis
536 1078 610 1125 cedes
617 1083 756 1140 perpetrata
767 1077 826 1141 fuit,
837 1094 866 1129 em
880 1090 956 1141 parca
972 1078 1112 1129 dissensione
1128 1081 1192 1129 inter
1202 1081 1239 1131 ia·

131 1141 193 1189 colu
209 1140 322 1188 Nuceria
333 1145 357 1188 et
369 1140 533 1201 Pompeiorum
543 1142 568 1189 in
579 1143 707 1191 certamine
716 1142 886 1205 gladiatorium,
897 1146 958 1206 qnod
973 1144 1092 1207 prebebat
1104 1146 1239 1206 Liecneies,

130 1220 198 1266 *qam
206 1206 300 1267 paleam
310 1204 393 1252 ordine
403 1206 547 1253 memoravi:
562 1221 617 1253 nam
634 1206 725 1259 nrlarm
738 1208 885 1269 procacitate
902 1209 987 1256 coloni
998 1210 1022 1257 si
1032 1215 1111 1259 maleo
1127 1212 1238 1259 nomes·

134 1278 180 1333 tes,
194 1273 229 1318 ad
243 1270 406 1332 contumelias,
414 1268 471 1317 dein
481 1271 513 1317 ad
520 1271 617 1334 lapides,
625 1272 717 1320 densim
727 1274 759 1319 ad
770 1286 836 1321 armo
847 1271 919 1337 iocre,
927 1274 1077 1337 propellente
1088 1274 1242 1339 Pompeiane·

163 1491 177 1534 1
194 1485 239 1535 Sic
246 1484 391 1534 Beroaldus
403 1491 431 1533 et
441 1485 610 1535 recentiores.
644 1487 675 1533 In
687 1484 753 1537 Mes.
768 1490 833 1551 Reg.
845 1488 931 1539 Guelf.
943 1496 971 1539 et
982 1490 1096 1540 editione
1108 1491 1238 1555 principe,

132 1551 298 1600 imiintentio.
332 1549 409 1599 Unde
425 1550 551 1598 Ernestns
568 1550 759 1612 suspicabatur,
771 1552 816 1601 levi
828 1554 907 1615 initio,
920 1554 960 1602 vel
975 1556 1020 1604 leni
1031 1556 1060 1603 al
1070 1556 1149 1604 initio.
1184 1558 1238 1613 Me,
1327 1592 1336 1610 ,-

132 1615 201 1663 Flor.
213 1624 240 1661 et
251 1615 421 1675 Puteolanus,
431 1614 477 1661 leci
486 1606 624 1663 intentione.
649 1615 811 1665 Brotier.-2
829 1618 900 1667 Male
917 1620 978 1667 nis«
989 1619 1054 1681 Reg.
1071 1627 1099 1669 et
1109 1620 1237 1671 editiones

132 1687 245 1742 veteres,
253 1678 410 1729 Lieidineius.
427 1678 560 1727 Idem—3
572 1680 614 1728 Sic
627 1678 694 1727 benc
705 1680 807 1743 Lipsius
820 1689 847 1731 et
857 1684 1024 1735 recentiores.
1043 1684 1074 1733 In
1086 1684 1149 1733 Mes.
1161 1684 1238 1737 Heri.

633 1812 740 1861 NOTAE

129 1919 236 1983 pientia·
247 1919 308 1983 suit,
320 1927 350 1971 nt
361 1922 407 1972 tali
423 1929 540 1990 tempore
552 1923 665 1987 gravita-
739 1924 790 1972 Sed
811 1930 923 1989 uterque
946 1938 992 1973 suo
1015 1925 1080 1975 melo
1105 1924 1238 1989 exitioque

130 2007 184 2049 tem
206 2015 311 2049 omnem
332 2016 492 2066 asseverare,
513 2004 665 2069 vultumque
706 2000 960 2066 tandcmaliqnando
978 2000 1100 2063 sentient,
1114 2007 1238 2064 qnantum

128 2076 267 2141 paedagogi
288 2078 314 2125 iu
333 2079 417 2127 aulam
433 2086 462 2128 et
477 2081 569 2143 epulas
580 2079 665 2143 regias
705 2076 775 2139 boni,
788 2083 912 2140 quantum
924 2074 1056 2125 felicitatis
1067 2076 1239 2140 insiteepien·

130 2150 240 2201 afferre:
269 2167 330 2215 pars
350 2160 437 2203 tumen
460 2156 593 2219 sapientiae
614 2155 665 2204 suit
705 2151 748 2201 riae
760 2159 788 2201 et
799 2152 1175 2214 sapientibus,etisminviccrn
1187 2153 1238 2203 dis-

100 2226 106 2231 “
129 2228 217 2277 vultus
247 2228 289 2277 liic
322 2235 349 2279 et
379 2230 468 2294 rideri,
489 2231 526 2281 sic
549 2232 616 2280 velle
635 2239 664 2283 et
704 2228 865 2277 sidentibus:
883 2228 902 2277 ii
919 2230 1026 2293 qnippe,
1040 2228 1239 2279 licetdoctrine

130 2318 216 2366 posse.
704 2304 866 2368 aliquatenus
876 2306 998 2368 oppositi,
1008 2306 1129 2355 tamenin
1140 2320 1238 2354 summa

160 2381 310 2446 Discordia]
335 2382 385 2432 Vel
405 2381 433 2431 id
449 2381 604 2448 simpliciter
622 2384 664 2434 vel
705 2396 791 2432 rerum
819 2383 984 2447 conveniunt,
1009 2383 1067 2434 scil.
1092 2383 1239 2448 prudentie,

128 2460 236 2524 ironice,
257 2464 361 2526 sincere
383 2464 424 2512 vel
445 2477 492 2526 per
518 2464 664 2514 irrisionem
705 2460 852 2522 virtute,ac
865 2460 1001 2523 sapientia.

129 2536 246 2586 dictum:
264 2539 287 2586 si
298 2538 399 2588 sincere
408 2546 436 2588 et
446 2539 600 2603 simpliciter
610 2540 663 2590 dic·
738 2534 807 2584 Puta
829 2534 908 2597 igitar
929 2535 1016 2586 irrisos
1035 2533 1201 2598 philosophos
1223 2549 1239 2584 e

129 2617 192 2674 turm,
204 2613 388 2663 voluitvidere
399 2614 510 2664 Neroin
521 2630 573 2679 qno
584 2623 664 2677 sectae
705 2612 822 2670 Nerone,
840 2619 868 2662 et
888 2612 953 2665 tales
972 2611 1074 2662 illorum
1097 2611 1238 2664 discordias

81 2744 85 2750 ι
128 2688 343 2752 philosophorum
361 2691 540 2754 convenirent,
565 2692 592 2740 in
613 2707 664 2756 quo
705 2695 835 2752 captasse,
846 2695 1058 2752 nteoetenquam
1070 2688 1239 2740 circidetores

129 2764 296 2814 dissiderent.
322 2766 351 2814 Si
373 2766 480 2826 ironice,
502 2767 665 2830 philosopha·
705 2773 831 2815 cernuos
853 2767 967 2814 homines
987 2766 1114 2822 eluderet.
1147 2766 1200 2816 Sed
1211 2765 1238 2818 in

127 2858 184 2892 ram
197 2843 272 2907 qnasi
284 2844 404 2893 contraria
414 2845 598 2894 mammantinm
616 2848 665 2896 dis·
705 2842 810 2892 licentia
822 2843 934 2906 imperii,
945 2857 995 2907 qno
1011 2844 1086 2908 plura
1101 2842 1192 2905 licent,
1205 2857 1237 2892 eo

126 2921 213 2968 mate
228 2919 442 2982 modulamen
461 2921 665 2984 ernebstNero,
703 2919 794 2989 nunus,
807 2919 887 2968 licere
906 2919 996 2970 debuit
1016 2919 1168 2968 dominanti.
1200 2920 1238 2970 Et

108 3009 186 3044 -enm
205 2996 421 3059 congerronibns,
442 3005 472 3047 nt
494 2998 533 3046 sic
554 2998 664 3060 philoso-
704 3010 755 3058 quun
774 2995 856 3058 majus
878 2995 1010 3058 fastigium
1030 3002 1081 3057 est,
1104 3010 1136 3045 eo
1154 2996 1237 3058 magis

127 3073 190 3137 piros
201 3073 328 3122 vanitatis
339 3080 472 3136 argueret,
483 3073 528 3138 qni
539 3075 589 3124 sibi
599 3075 663 3125 invi·
703 3073 839 3133 saprieutiae
861 3073 1019 3135 adjumento,
1044 3086 1075 3122 ec
1093 3071 1159 3120 coelo
1178 3071 1237 3134 ipen

127 3163 184 3200 cem
201 3157 391 3213 repugnarent,
401 3151 514 3214 nihilque
532 3152 599 3200 certi
614 3159 664 3201 sta·
703 3147 805 3211 (dicere
816 3146 939 3212 audeam)
951 3148 1058 3212 indiget.

129 3232 242 3288 tuerent,
253 3240 350 3290 eosque
366 3224 492 3276 irridendi
510 3227 570 3278 nine
589 3242 662 3278 acea·
736 3232 748 3265 ‘l
766 3223 908 3286 Nucerinos]
926 3223 984 3274 Lib.
998 3236 1059 3274 xnr.
1071 3239 1130 3288 cap.
1143 3228 1184 3276 el.

128 3301 225 3352 sionem
238 3302 364 3364 captabat
368 3303 482 3366 jirveuis.
734 3306 744 3331 ¹
761 3299 927 3362 Pompeianae]
947 3300 1075 3363 Pompeii,
1095 3301 1139 3350 vel
1158 3302 1237 3352 Pom·

158 3379 193 3426 Et
216 3378 333 3427 nonnulli
357 3379 447 3428 talium
467 3377 574 3428 inerunt
593 3381 662 3431 nitra
703 3373 800 3437 mium,
812 3374 935 3438 oppidum
946 3375 1142 3426 Picentinorum
1155 3391 1238 3440 popu·

127 3453 229 3502 ridendi
241 3453 322 3502 etiem
333 3455 426 3508 ematis
442 3457 662 3506 scammoniam.
702 3451 785 3508 lorium
804 3450 830 3498 in
850 3452 1006 3514 Campanis:
1031 3452 1108 3502 hodie
1127 3451 1236 3516 Senatu,

127 3527 174 3578 bns
185 3529 310 3590 dissidiis,
319 3537 389 3579 teste
406 3530 515 3580 Tacito:
533 3532 577 3594 quii
593 3531 663 3580 inter
702 3528 764 3576 villa
773 3529 860 3578 Terre
871 3527 979 3578 Laboris
991 3528 1024 3578 ed
1036 3529 1171 3590 orientem,
1182 3543 1236 3590 resq

128 3605 217 3667 epulas
238 3612 267 3668 et
286 3606 479 3656 oblectamenta
490 3607 597 3669 juvenis
608 3609 663 3658 Cae·
702 3619 744 3655 sne
755 3604 898 3667 meridiem,
911 3605 937 3654 iu
958 3619 1036 3666 regno
1053 3605 1236 3670 Neapolitano.

127 3682 201 3742 saris,
211 3696 279 3731 voce
297 3681 423 3745 vultuque
439 3697 531 3732 severo
547 3684 663 3746 spectari
703 3681 743 3730 Ex
756 3683 879 3732 Sansone.
915 3681 1037 3730 Tiltemon.

128 3763 263 3819 cuperent.
734 3757 893 3820 ⁸llieineins]
923 3759 1026 3822 Nempe
1043 3758 1070 3808 in
1089 3757 1171 3822 libris,
1191 3756 1236 3822 qni

157 3833 193 3883 Et
204 3833 262 3894 ipse
275 3833 412 3896 Nerojem
423 3834 456 3884 ab
465 3834 573 3883 ineunte
584 3840 662 3886 etate
695 3827 822 3904 periere,
838 3851 897 3884 nam
908 3837 988 3886 semel
1006 3843 1106 3886 teritum
1118 3836 1149 3886 tit
1166 3849 1237 3885 nnnc

129 3906 259 3957 abhorruit
279 3923 295 3956 a
314 3908 483 3972 plrilosopliin,
502 3916 531 3959 et
552 3911 586 3960 ab
600 3911 662 3973 ipsis
702 3913 802 3962 mentio
824 3912 934 3962 Livineii
957 3913 1052 3975 Reguli
1073 3911 1143 3976 spnd
1163 3909 1239 3960 nocie

129 3983 294 4046 plrilompnis,
305 3991 376 4051 teste
392 3986 524 4047 Suetonio,
539 3995 662 4038 monente
702 3996 773 4049 tnm3
789 3990 910 4052 nempel.
923 4001 966 4038 ιιι.
978 4004 1008 4046 c.
1027 3992 1068 4038 11.
1085 3988 1131 4037 nbi
1142 3989 1175 4037 de
1190 3986 1236 4036 Pi·

129 4055 664 4124 Agrippinamntre,qnssisepientiaestn·
702 4079 765 4114 sone
788 4063 959 4114 interfectore
978 4062 1128 4114 Germanici
1147 4066 1235 4126 patro·

130 4131 198 4184 dium
218 4136 334 4184 indolem
353 4127 523 4201 mentemque
536 4137 663 4202 principis
701 4155 749 4191 nos
760 4148 878 4204 petente,
890 4141 897 4166 ‘
908 4138 1072 4201 M.Lepidns
1083 4143 1112 4187 et
1123 4139 1153 4189 L.
1169 4137 1234 4188 Piae

131 4220 318 4275 corrumperet.
701 4215 871 4268 ethimasius
882 4214 996 4276 Regulus
1006 4209 1124 4262 effueret

143 4337 152 4354 ,
191 4293 315 4357 nepam
329 4293 388 4344 Vae.
401 4292 465 4343 ctas.
478 4317 490 4326 —
647 4296 723 4347 Tacit.
1116 4293 1168 4342 50
