2984 4850
153 384 305 448 sunus·
504 377 711 428 muscinis
735 380 809 428 nin.
833 378 914 429 xit.
1169 358 1257 437 1645

153 540 313 617 oederent,
329 542 601 639 protectaesuut:
623 556 685 601 nec
705 537 878 603 dissolutio
893 538 1017 621 navigii
1041 538 1253 625 sequebatur,

153 644 289 707 turbatis
303 642 466 735 omnibus,
489 646 532 716 et,
548 639 637 723 qrrod
660 640 807 723 plerique
831 640 949 720 ignari,
965 642 1079 706 etiam*
1102 642 1264 706 conscios

152 742 385 826 impediebant.
415 739 552 805 Visum⁹
574 740 702 803 dehinc·
722 741 914 821 remigibus,
938 744 1092 805 ‘unum¹⁰
1114 742 1252 807 inlatus

153 922 245 983 derepit
259 940 301 975 sec
310 924 393 975 datin
402 922 573 977 distnluebnter
581 922 956 985 aasucoatsrtatisremigttus,
966 930 990 973 et
1001 924 1056 987 quic
1063 926 1168 987 plerique
1175 924 1254 989 inscii,

152 989 222 1038 eice
230 990 356 1054 populares
365 990 459 1039 sceleris
469 988 604 1038 turbabant.
637 989 699 1037 Mac
707 989 825 1051 placitum
835 990 964 1038 classiariis
978 989 1112 1053 impellere
1125 1004 1216 1039 narem
1227 992 1255 1051 ip

613 1133 793 1156 mamone

151 1212 246 1276 liorem
271 1216 359 1281 sicque
378 1218 489 1268 Tacitus
506 1232 584 1281 suprs
600 1217 698 1269 Annal.
717 1233 780 1269 xsu.
800 1222 842 1276 2²·
875 1215 1028 1267 ‘Validiore
1049 1215 1117 1279 apud
1134 1214 1255 1265 libidines

153 1278 281 1342 runctpu
293 1281 400 1343 Paride,
408 1296 484 1347 qoam
495 1290 525 1332 ut
536 1299 614 1347 poena
624 1281 790 1334 afficeretur.’
817 1282 849 1331 Iu
862 1282 926 1331 lllss.
939 1280 1007 1329 Flor.
1020 1282 1085 1340 Reg.
1097 1279 1171 1331 Harl.
1181 1280 1257 1329 Bodl.

152 1341 204 1391 Jes.
213 1351 242 1391 et
254 1345 409 1395 editionibus
422 1347 562 1410 veteribus,
571 1349 695 1411 quamvis.
719 1346 881 1397 Brocisc.-e
889 1346 930 1395 lta
942 1342 1256 1395 Maronitarum.

151 1406 205 1456 Jes.
217 1407 309 1457 Guelf.
321 1417 348 1458 et
359 1410 489 1459 editiones
504 1417 606 1461 veteres
618 1426 649 1461 ac
660 1412 829 1461 recentiores.
862 1410 894 1459 lu
905 1410 996 1459 mediis
1007 1408 1163 1457 editionibus
1178 1408 1256 1457 omis·

152 1473 354 1533 tumetium—9
364 1474 408 1522 Ita
419 1476 484 1525 Mas.
501 1476 569 1525 Flor.
582 1477 647 1539 Reg.
667 1476 743 1528 Harl.
762 1475 839 1524 Bodl.
850 1475 906 1525 des.
918 1474 982 1536 Agr.
994 1470 1082 1523 Guelf.
1094 1472 1175 1520 editio
1186 1472 1256 1534 prin·

150 1548 212 1597 pean
227 1543 257 1585 et
268 1537 432 1587 recentiores.
465 1540 634 1600 Puteolanus,
643 1541 745 1601 jesuae,
757 1539 826 1604 quod
837 1538 1033 1602 primoquidem
1045 1538 1147 1598 placet:
1165 1536 1186 1585 si
1198 1536 1254 1599 quit

149 1604 236 1653 tuen
248 1600 558 1664 diligentinsnttenderin
569 1605 645 1653 cuum
655 1604 771 1668 placebit
782 1603 871 1663 meeis.
905 1603 994 1666 Major
1005 1601 1074 1650 euim
1090 1598 1183 1649 luisset
1194 1613 1255 1649 con·

148 1664 524 1782 ’itubiita‘ttut
532 1666 633 1783 3:⁸¹3}
655 1665 1126 1784 istituutb'tttlst.'dt
1139 1663 1255 1778 Aiidss

206 1758 215 1779 0
318 1763 326 1779 ο
406 1766 416 1791 ,ι
509 1764 517 1781 s
581 1768 588 1782 ι
817 1766 826 1797 ,
1127 1761 1134 1778 e

648 1852 757 1903 NOTAE

149 1945 270 1995 ordinata
288 1946 409 1997 machina
424 1946 527 2011 bilssen
545 1957 617 2002 certe
637 1952 680 2001 de·
720 1952 803 2014 miges
823 1947 916 2000 ldase
935 1962 986 1998 uun
1007 1946 1206 2010 excogitarunt:
1227 1954 1256 1999 et

148 2022 261 2071 buerunt
270 2023 315 2072 isti
326 2024 441 2087 parietes
452 2027 526 2075 simrrl
538 2043 597 2077 cum
608 2034 681 2079 tecto
718 2026 834 2087 additur,
844 2041 892 2075 uec
905 2026 990 2089 jussos
1000 2037 1087 2074 omues
1097 2024 1186 2074 stetim
1196 2040 1257 2076 con-

148 2101 236 2149 statim
246 2099 378 2164 fatiscere,
392 2117 422 2153 sc
442 2102 551 2167 ponderi
567 2106 680 2169 molique
719 2102 840 2151 sensisse.
874 2101 982 2164 lipsius.

146 2174 251 2235 redere,
268 2182 297 2225 et
313 2176 463 2239 opprimere
475 2178 597 2242 quicquid
613 2179 681 2229 iutra
752 2174 851 2228 desum
861 2177 945 2226 detine
955 2174 1096 2238 remigibus]
1118 2175 1183 2225 Mihi
1194 2188 1255 2240 pro·

147 2248 263 2311 positum
283 2258 372 2310 esset;
389 2251 434 2301 sed
455 2266 515 2323 cum
534 2253 603 2305 torte
619 2256 680 2305 vali·
720 2254 797 2304 batur
805 2251 857 2303 Ms.
868 2252 1025 2316 aliorumque
1032 2252 1155 2301 librorum
1167 2254 1257 2317 lectio,

146 2322 235 2372 diores
255 2324 370 2386 parietes
388 2340 498 2375 camerae
515 2335 612 2389 esseut,
628 2344 681 2379 me·
720 2326 906 2380 cicumdebiuc:
924 2342 972 2376 uec
985 2328 1074 2377 obstat
1087 2326 1156 2391 quad
1173 2343 1253 2392 oppo-

148 2396 220 2447 diuru
233 2405 346 2462 tantum,
367 2415 414 2455 seu
433 2409 551 2457 centrum
572 2403 680 2456 fornicis
721 2405 916 2470 nuut‚reuiiges
927 2403 1032 2468 ignaros
1049 2401 1256 2466 fuissecousilii3

146 2475 255 2542 plumbo
274 2489 355 2540 vare
377 2478 483 2543 cecidit,
497 2481 632 2546 irruitque,
653 2489 681 2531 et
720 2496 780 2530 nam
794 2491 884 2531 eorum
908 2480 1007 2543 aliquos
1023 2479 1142 2528 conscios
1164 2477 1255 2540 luisse,

148 2551 317 2614 Crepereiam
337 2552 433 2603 obruit.
466 2555 586 2605 Parietes
596 2570 680 2606 came·
720 2565 815 2607 srictcr
831 2556 926 2618 innuit,
944 2551 1004 2604 dum
1023 2555 1076 2603 siti
1092 2553 1199 2618 plerique
1219 2555 1256 2618 ig·

148 2626 199 2678 reci
220 2626 347 2677 firmium
368 2636 477 2689 stetere,
489 2640 517 2680 et
537 2633 678 2693 obstiterea
720 2635 775 2683 ucri
784 2634 886 2683 cuseos
894 2629 1059 2696 impediebant.

147 2702 235 2766 deque
255 2708 378 2766 protecta
395 2711 438 2753 est
461 2704 605 2771 Agrippina
622 2721 680 2757 cum
753 2713 823 2774 Ergo
834 2711 912 2774 istud,
930 2713 1015 2771 msam,
1028 2711 1060 2758 cle
1072 2709 1183 2760 consciis
1194 2708 1253 2760 istis

149 2779 279 2830 Aceronia
290 2797 346 2834 sna.
719 2785 893 2852 interpretor3
919 2788 941 2836 si
963 2788 1032 2837 euim
1045 2787 1111 2848 jussi
1137 2785 1256 2848 ficissent,

181 2865 193 2898 ‘¹
214 2857 383 2924 Validioiiliss]
406 2862 451 2912 Sic
467 2864 485 2914 l.
503 2875 566 2914 xiii.
588 2859 680 2913 ‘Vali-
720 2862 1256 2926 omuescertepariterautconsensissent,

149 2933 219 2985 diore
231 2937 301 2999 apud
313 2937 432 2988 libidines
438 2941 565 3005 principis
575 2937 680 3001 Paride,
721 2945 766 2987 sut
778 2945 869 2988 contre
885 2939 933 2988 nisi
944 2937 1064 2989 fuissent.

149 3024 223 3072 quam
234 3018 264 3060 ut
276 3026 353 3074 poena
368 3012 533 3066 efficeretur!
565 3017 681 3068 Picbenn.
753 3017 823 3080 Ergo
834 3012 892 3063 iiaec
904 3015 982 3064 etiam
1000 3013 1142 3062 animorum
1161 3018 1189 3062 et
1201 3026 1255 3075 mnf

180 3083 679 3156 litifrustrsLipsiusrepouitmnibus.
720 3095 795 3140 tuum
830 3089 966 3138 diversitas
1000 3089 1096 3152 arguit,
1129 3089 1255 3151 remigum

179 3167 193 3192 ¹
207 3161 285 3217 Qun
300 3163 419 3227 mosen]
441 3167 520 3216 Hsud
541 3168 619 3217 dubie
638 3184 680 3218 ca·
720 3166 800 3215 etiam
819 3166 955 3214 nonnullus
970 3162 1189 3228 consciosi‘oisse,
1201 3179 1258 3214 eos-

148 3249 218 3285 mers
235 3235 295 3299 ruit,
313 3238 346 3288 de
359 3255 411 3304 qus
424 3242 534 3292 Sueton.
551 3247 592 3293 tt.
615 3245 681 3292 ‘So
721 3256 772 3305 que
796 3241 905 3289 voluisse
921 3253 1013 3288 suavem
1033 3252 1169 3302 mergere:
1191 3240 1256 3303 aliis,

148 3311 246 3361 lutilem
263 3327 367 3376 narem,
387 3316 461 3379 cujus
484 3319 526 3366 vel
543 3317 680 3380 usufraglo
721 3311 907 3379 quod-'causam
920 3313 976 3378 ejus
985 3315 1023 3362 rei
1032 3315 1187 3376 ignorarent,
1198 3327 1257 3364 con·

149 3388 315 3438 seleseiense
334 3391 408 3440 ruins
424 3392 533 3457 periret,
552 3405 680 3445 commen
721 3397 764 3440 tre
780 3391 941 3439 nitentibusr
967 3389 1034 3453 quod
1054 3403 1106 3437 non
1125 3387 1257 3452 iecissent3

150 3468 192 3512 tus
207 3463 268 3513 est!
718 3466 744 3514 ‘si
756 3475 859 3515 eucissus
877 3465 1023 3530 scivissent,
1033 3472 1112 3530 atque
1123 3464 1187 3514 adeo
1205 3466 1256 3516 hoe

175 3539 298 3589 &mae
314 3548 403 3590 sutem
422 3557 503 3592 cum
520 3549 592 3594 tecta
612 3551 681 3606 suut,
700 3545 704 3607 J
722 3555 799 3603 agere
811 3539 877 3604 jusu
888 3539 1008 3589 fuissent.

148 3629 206 3678 qsoe
221 3616 424 3666 trulisssbautur
444 3624 473 3668 et
491 3619 682 3670 inducebantur
755 3615 859 3665 Deinde
880 3623 907 3666 at
933 3617 983 3666 lioc
1003 3614 1047 3664 vix
1065 3614 1189 3666 credibile
1209 3621 1258 3678 est,

150 3691 270 3753 morie,
286 3694 337 3741 ize.
377 3694 431 3743 ¹Illa
458 3700 545 3744 autem
570 3709 682 3755 mers,
721 3692 824 3756 ignaros
843 3691 870 3741 iu
891 3704 921 3741 se
941 3691 1037 3752 subita,
1060 3691 1146 3754 potius
1166 3689 1256 3739 liberti

148 3778 199 3814 uon
220 3766 311 3815 statim
332 3767 413 3816 cessit
433 3771 505 3831 moli,
522 3785 571 3821 nec
593 3773 682 3821 statim
718 3769 797 3833 jussis
819 3769 949 3834 parituros
968 3766 1059 3827 fuisse,
1079 3767 1106 3815 lu
1132 3765 1257 3816 mandato

152 3838 275 3889 dissoluta
294 3841 381 3890 mnis:
400 3857 472 3906 scepe
487 3844 581 3895 fallunt
598 3852 626 3895 et
643 3861 681 3896 re·
722 3852 776 3895 tam
797 3846 891 3908 atroci,
911 3859 988 3910 quam
1007 3843 1178 3908 Agrippiuae3
1196 3849 1256 3905 quse

149 3914 242 3964 sidunt
257 3914 372 3965 artifices
393 3917 504 3981 inipsos
521 3921 585 3969 talia
602 3922 682 3971 scele·
720 3929 805 3984 certe,
831 3937 884 3986 qiua
908 3919 960 3970 fuit
987 3919 1064 3969 animi
1086 3915 1256 3977 firmitudine,

150 4005 204 4040 rssr
215 3992 436 4044 machinamenta.
723 3996 773 4046 sibi
783 4011 833 4046 uon
846 3995 985 4055 defuisset3
1003 3995 1064 4059 quin
1084 3993 1117 4042 ob
1126 3990 1213 4040 oculos
1224 3989 1256 4038 iis

175 4067 291 4138 {Visam
308 4067 405 4130 mites]
431 4070 526 4134 immo,
540 4072 683 4136 innuunt
723 4074 851 4138 posuisset
871 4071 938 4122 fecti
957 4071 1037 4120 istius-
1060 4065 1256 4134 immunitatem¹

148 4141 209 4192 libri
224 4145 365 4208 ntiquom
384 4147 520 4196 neusrclris
538 4155 566 4199 et
584 4148 682 4199 fraudis
723 4149 809 4214 atque
824 4147 967 4212 periculum
987 4144 1055 4210 quod
1074 4143 1124 4194 illis
1140 4142 1256 4194 immine·

149 4220 300 4275 sectoribus
321 4220 362 4271 rei
385 4223 524 4274 sctoribnt‘.
555 4226 624 4276 lans
641 4239 682 4276 re·
721 4233 771 4290 ret,
779 4225 800 4274 si
812 4224 930 4276 eoelestis
942 4219 1070 4276 insudetis
1083 4216 1254 4285 paruissent*
