2984 4850
1150 385 1238 457 1750

125 543 235 624 agrism
252 547 310 608 ant
332 543 483 608 dumibus
504 543 621 606 iisdem
637 550 856 620 nascerentur,
872 544 1107 628 caritatemque
1120 545 1229 611 domn

72 707 92 734 ,Ι
124 663 242 710 norum
256 646 368 709 statim
383 647 582 727 acciperent.
615 645 796 728 Postquam
813 665 891 709 vero
902 646 1069 709 nationesn
1083 648 1118 725 in
1131 647 1232 712 farni-

123 745 368 823 lusitabamus,
389 747 510 828 quibus
534 746 658 810 diversi
678 749 772 824 rituS,
792 753 928 811 externa
945 767 1055 821 sacra,
1070 755 1128 812 aut
1140 750 1232 814 nulla

126 853 216 921 sunt,
233 849 408 921 colluviem
424 849 600 912 istam'non
615 847 680 910 nisi
695 854 784 910 metu
798 846 997 912 coercueris.
1035 847 1081 913 At
1093 851 1229 932 quidam

124 949 272 1015 insontes
288 951 451 1032 peribunt.
497 949 586 1011 Nam
603 955 637 1018 et
650 969 694 1012 ex
715 949 791 1013 fuso
811 951 970 1027 exercitu,
990 971 1066 1014 cum
1080 951 1229 1016 decimus

125 1051 283 1132 quisque⁰
304 1050 384 1116 fusti
408 1050 546 1126 teritur,p
571 1051 670 1113 etiam
693 1053 832 1114 streuuiq
858 1052 1059 1116 sortiuntur.7
1113 1053 1229 1118 Habet

125 1151 312 1234 aliquidex
336 1153 451 1234 iniquo
470 1171 569 1220 omne
591 1171 748 1233 magnum
775 1154 975 1236 exemplum,
999 1155 1089 1238 quod
1112 1161 1229 1220 contra
1308 1223 1312 1234 ,

125 1252 274 1335 singulos
288 1254 429 1318 utilitate
444 1253 584 1336 publiea
598 1251 816 1335 rependitur.’

124 399 264 466 secu]
477 397 682 448 auunmun
708 399 779 448 utu.
803 399 888 450 xri.

123 1435 270 1498 penatibus,
283 1451 446 1500 amoremque
457 1436 483 1484 in
494 1435 613 1485 dominos
629 1437 715 1486 statim
733 1452 790 1488 cum
808 1437 876 1487 lacte
892 1438 1027 1488 haurirent
1039 1454 1069 1488 ae
1081 1444 1230 1502 suggerent.

124 1499 161 1546 At
172 1506 309 1563 postquam
319 1501 440 1549 habemus
452 1502 477 1548 ln
489 1501 604 1548 domibus
623 1503 732 1564 populos
752 1502 893 1565 universos,
904 1503 997 1566 quibus
1009 1504 1229 1552 dissimilescaeri·

124 1565 226 1625 moniae,
234 1565 346 1613 barbara
363 1581 436 1614 sacru
447 1572 491 1614 aut
502 1566 574 1612 nulla
582 1573 651 1626 sunt,
662 1566 757 1614 fredam
766 1567 835 1616 illurn
850 1566 962 1629 turbam,
973 1583 1023 1616 nou
1034 1569 1084 1616 nisi
1094 1566 1231 1616 formidine
1297 1581 1300 1588 ·

124 1628 278 1682 cohibueris.
312 1629 349 1678 At
370 1629 475 1694 quidam
493 1629 643 1678 innocentes
664 1631 814 1680 interibunt.
849 1633 917 1680 Nam
933 1633 1056 1681 etiamen
1069 1633 1231 1695 pulsoexer·

123 1691 185 1753 citu,
195 1707 254 1752 cnm
267 1693 382 1744 decimus
395 1695 503 1758 quisque
513 1693 575 1741 fusti
587 1703 710 1755 necatur,
722 1697 800 1744 etium
816 1695 897 1744 fortes
909 1705 1004 1745 sortem
1017 1697 1133 1745 traiumt.
1166 1696 1228 1744 Om-

122 1769 155 1804 ne
165 1771 286 1818 magnum
299 1759 446 1822 exemplum
457 1759 533 1806 habet
545 1758 646 1822 aliquid
659 1760 740 1822 iniqui
757 1760 900 1823 admixtum,
919 1760 989 1824 quod
1006 1761 1130 1809 adversus
1139 1760 1226 1825 prive-

124 1827 163 1870 tos
175 1822 260 1870 salute
273 1823 380 1885 publicu
389 1829 583 1884 compensatur.

122 2029 271 2080 Ernest-—i
286 2033 330 2080 Ita
341 2033 404 2081 Mss.
418 2033 486 2082 Flor.
497 2035 563 2096 Reg.
581 2030 670 2082 Gueli:
683 2033 759 2083 Corb.
772 2033 847 2084 Bodl.
859 2034 940 2082 editio
957 2033 1078 2096 princeps
1099 2038 1127 2082 et
1144 2047 1231 2082 recen-

122 2095 211 2149 tiores.
244 2097 413 2158 Puteolanus,
433 2099 497 2148 Num
514 2103 536 2146 et
549 2113 582 2152 err,
592 2097 650 2156 firmo
666 2099 895 2148 exercitu.....etium
912 2100 1002 2147 streuui
1022 2113 1067 2146 non
1078 2096 1228 2147 sortiuntur?

122 2157 158 2206 At
168 2155 268 2208 frustra
278 2163 316 2210 sic
329 2162 503 2211 emendatum.
537 2163 609 2210 Beue
621 2161 739 2223 Tacitus,
760 2165 795 2210 At
815 2161 1151 2226 quiduminsoutcsperibrmt.
1186 2154 1229 2211 ln-

122 2220 221 2288 iellige,
229 2231 335 2286 pereunt.
370 2228 467 2274 Numer
479 2241 509 2274 ex
515 2225 582 2285 furo,
592 2228 632 2287 ἔχε.
666 2225 709 2273 Sic
720 2227 789 2288 apud
799 2228 923 2288 Tullium,
932 2235 961 2276 ut
972 2228 1070 2290 optime
1083 2228 1229 2276 observarit

123 2287 278 2352 Gronovius,
290 2291 316 2348 in
327 2290 446 2350 Verrem,
456 2303 488 2338 ιι,
499 2293 540 2338 29.
574 2294 580 2317 ‘
593 2289 654 2350 Dic,
670 2290 770 2352 iuquit:
788 2291 826 2338 illi
839 2292 929 2340 adesse
939 2306 990 2340 nou
1007 2304 1123 2354 possunt.
1160 2291 1230 2340 Nam

120 2349 237 2409 hercule,
246 2354 330 2418 inquit
343 2355 375 2404 Q.
389 2355 529 2414 Minucius,
540 2367 581 2406 me
599 2367 701 2418 quoque
713 2355 835 2416 Petilius,
847 2365 877 2403 ut
889 2356 937 2404 sibi
948 2357 972 2403 iu
986 2357 1091 2404 consilio
1104 2357 1228 2419 adessem,

122 2417 246 2481 rogarit*
275 2419 418 2483 Anterum,
430 2419 635 2483 intelligendum,
647 2421 725 2468 adesse
738 2436 893 2487 nonpossint.
910 2421 1024 2470 Brotier.

627 2550 734 2599 norm
820 2610 823 2614 ¹

122 2649 188 2769 aar«
199 2642 279 2695 facile
297 2646 402 2695 utilitate
418 2646 514 2710 publicu
529 2618 655 2710 repende-

156 2726 210 2769 tur.

696 2648 819 2712 pendnnr,
829 2655 978 2713 comparate
990 2649 1022 2698 ad
1039 2648 1151 2699 modicas
1167 2662 1230 2713 uper

616 2752 618 2757 ,
696 2731 809 2774 nostrus.

152 2794 192 2845 At
201 2800 340 2861 postquam
350 2798 418 2847 luxu.
429 2798 600 2861 irrumpente,
610 2810 657 2845 ex-

122 2877 262 2922 creverunt
274 2870 380 2922 familiae
391 2872 423 2928 au
442 2876 561 2923 nationes
577 2881 605 2923 et
614 2889 657 2923 ex·

121 2945 217 2998 e'r'ciius
238 2961 386 3009 servorum,¹¹
399 2956 454 2998 tum
474 2950 598 3005 institutav
611 2964 656 3013 pa-

121 3022 189 3095 irum
200 3023 339 3079 immutari
347 3026 443 3076 decuit.
463 3027 506 3081 ,Et
515 3032 601 3089 certe,
609 3026 656 3075 sub

120 3100 290 3167 sequentibus
317 3102 486 3167 principibus,
508 3108 609 3154 tanturn
630 3103 657 3165 il,

121 3178 168 3242 qui·
183 3192 215 3227 eu
235 3178 295 3227 loeo
312 3176 426 3239 inerant,
437 3194 488 3243 qno
503 3179 600 3228 eaedem
613 3178 657 3237 ab

119 3259 225 3304 vertere
234 3260 350 3317 possent,
361 3254 458 3305 necati.
486 3255 581 3319 Sisque
592 3254 657 3317 pub·

119 3330 180 3379 lica
202 3330 377 3385 inclementia.
400 3330 505 3393 modum
536 3330 658 3380 adhibue-

121 3412 192 3455 runt.

152 3488 172 3515 ¹¹
190 3482 252 3531 Cum
262 3482 289 3531 in
299 3482 377 3544 agris]
403 3480 543 3532 Describit
553 3487 657 3538 ueteres

119 3556 261 3615 Romanos,
284 3558 375 3621 quibus
403 3559 564 3619 agriculture
585 3573 655 3607 curae

119 3631 183 3695 suit,
194 3640 222 3681 et
234 3634 277 3697 qni
289 3648 380 3682 vernus
392 3634 464 3697 quasi
476 3632 571 3682 liberos
579 3633 656 3682 habe·

118 3702 271 3769 bant-non
287 3710 400 3759 emtitios
424 3717 470 3759 eut
492 3711 622 3760 extraneis
640 3725 655 3759 e

118 3785 242 3856 gentibus
274 3778 374 3847 ascitos
388 3786 577 3852 advectosque,
599 3785 662 3836 iere.

118 3860 194 3910 velut
205 3862 336 3919 exercitus
348 3878 507 3915 numerosos.

151 3945 165 3971 ¹¹
185 3939 312 4001 Nationes]
340 3940 382 3989 Ne
395 3939 519 4003 intellige,
531 3945 563 3993 ut¹
575 3940 654 3989 inter·

116 4030 179 4080 pres
191 4015 449 4079 Gallieus„lrubulsse
460 4016 567 4075 notiores
577 4021 655 4065 exter-

116 4108 162 4143 ma
180 4091 330 4151 irrfuun'liu:¹
353 4108 405 4141 uon
424 4094 473 4141 lroc
486 4100 595 4154 tantum,
607 4092 654 4141 sed

116 4177 146 4223 et
162 4170 271 4217 nationes
281 4170 415 4226 uniuersus:
432 4171 499 4232 quod
509 4169 598 4233 magis
610 4184 654 4231 pe·

115 4245 267 4311 ficulneum,
283 4252 311 4296 et
330 4252 420 4296 nostro
442 4244 510 4295 nunc
527 4260 583 4311 aero
602 4252 654 4295 stu·

728 2810 740 2833 ⁰
757 2804 871 2853 Decimus
900 2803 1007 2866 quisque]
1048 2802 1140 2851 Veteri
1169 2803 1229 2867 lege

697 2878 774 2927 Rom.
785 2879 811 2927 id
821 2879 976 2940 institutum,
984 2887 1013 2929 ut
1022 2879 1124 2928 decimus
1132 2879 1230 2943 quisque

698 2964 769 3005 sorte
784 2957 817 3006 ud
836 2956 991 3023 supplicium
1011 2958 1152 3018 legeretur.
1186 2954 1230 3003 ln·

698 3033 800 3081 tertium
829 3023 906 3083 etiam
935 3032 1079 3081 cicesimntio
1105 3030 1230 3093 adhibita,

696 3108 774 3158 immo
786 3117 815 3157 et
826 3108 997 3159 centesimulr'o.
1030 3108 1073 3155 Sic
1085 3106 1229 3169 punieban-

698 3190 741 3233 tur
752 3184 851 3233 turbidi
861 3190 889 3231 et
899 3183 1014 3232 seditiosi
1026 3182 1052 3230 in
1064 3182 1165 3231 ducem.
1185 3182 1229 3231 Sic

697 3263 780 3307 uretur
802 3258 835 3306 ud
858 3272 954 3322 omnes,
976 3257 1008 3306 ad
1026 3265 1126 3321 ‘paucos
1153 3270 1229 3321 poena

698 3334 875 3399 perveniebat.

729 3418 743 3451 Ι·
763 3409 940 3473 Fusiiferitm]
965 3411 1029 3459 Eam
1040 3424 1141 3472 poeuam
1153 3423 1228 3459 voca·

695 3486 922 3545 bantfnstuurium.
949 3487 1055 3535 Fustem
1068 3485 1173 3548 capiens
1185 3485 1230 3533 tri·

697 3564 780 3616 buuus
793 3564 857 3627 ipse,
868 3563 964 3628 (neque
976 3563 1045 3610 enim
1060 3561 1102 3609 ute
1120 3562 1227 3610 lictores

696 3640 743 3688 ulli
761 3639 915 3698 administri,
937 3645 982 3687 aut
1004 3634 1143 3700 carnifex,)
1168 3651 1228 3685 corr·

696 3716 846 3773 demnatum
862 3714 956 3763 leviter
972 3713 1066 3776 tangit,
1076 3718 1102 3760 et
1113 3710 1228 3771 delibat3

697 3798 724 3841 et
736 3792 810 3855 quasi
830 3792 903 3853 signo
923 3791 994 3850 dato,
1013 3789 1104 3852 objicit
1122 3788 1228 3859 reliqum

694 3866 857 3918 multitudini
876 3866 994 3920 militari:
1022 3880 1073 3929 quo
1092 3862 1163 3913 facto
1175 3876 1227 3911 om-

696 3957 751 4005 ues,
761 3942 807 4005 qui
818 3942 844 3994 in
855 3941 949 3995 cestris
960 3947 1029 4000 srrnt,
1040 3938 1171 3998 ferientes,
1182 3936 1227 3992 nii·

695 4033 726 4068 us
745 4016 865 4080 tristibus,
883 4017 948 4075 alius
963 4015 1103 4079 lapidibus,
1119 4015 1145 4061 in
1162 4010 1227 4075 ipsis

699 4099 843 4145 castrorum
855 4092 989 4156 principiis
998 4091 1128 4140 occidunt.

727 4176 739 4219 ‘l
758 4169 840 4217 Etiuur
857 4168 959 4230 dreani]
987 4167 1038 4216 Qui
1053 4176 1146 4225 nempe
1158 4161 1230 4215 mole.

694 4251 722 4298 ot
733 4244 833 4309 impetu
850 4242 979 4293 ruentium
996 4241 1022 4290 iu
1033 4238 1136 4303 sugam,
1147 4238 1224 4289 simul
