2984 4850
261 363 348 440 1718
438 454 448 471 ι
621 370 655 440 o.
677 387 859 437 oonnnnn
883 388 1010 437 rsornr
1210 393 1358 459 [ornum

209 556 213 563 ·
303 530 360 598 28.
383 530 529 597 Comitia
549 528 765 613 Praetorum‚¹’
785 531 922 596 arbitrio
945 530 1102 596 Senatusl
1126 530 1242 597 haberi
1256 534 1357 615 solita,

262 634 364 719 quod¹
383 634 512 699 acriore
527 633 654 698 ambitu
668 637 873 710 exarserunt,
890 632 1053 716 Princeps
1067 635 1280 716 composuit:
1287 640 1358 713 tres,

260 738 322 821 qui
337 754 440 820 supra
453 755 625 801 numerum
637 736 819 819 petebant:
831 735 955 817 legioni
968 735 1206 819 praeficiendo}
1245 734 1359 802 Auxit·

296 956 426 1006 Ordlnorit
447 957 528 1006 ΟΜ
544 958 600 1021 ipse
614 962 745 1023 proetmss
755 959 861 1019 comitio,
877 975 930 1023 pru
944 975 1016 1024 perses
1031 965 1113 1023 potres
1131 974 1181 1009 esse
1194 962 1358 1019 commeruit.

260 1020 318 1083 prio
329 1021 497 1073 uelmestr'ori
507 1023 598 1072 ambitu
609 1026 802 1089 rfflogroorrurt,
823 1026 943 1089 lsrposrm
952 1026 1040 1088 Ιιςίοιί
1048 1030 1098 1075 tm
1107 1025 1259 1075 candidatos
1271 1031 1359 1087 praetre

725 1167 903 1187 θΟΝΙΝΙΜΙ
953 1174 956 1176 ’

291 1248 304 1293 l
323 1244 438 1298 Budeur.
449 1250 553 1310 pao-2
569 1246 643 1298 idem
655 1247 832 1311 jussitque-l
849 1232 948 1298 Omnes
968 1246 1037 1297 Edd.
1053 1248 1121 1309 egias
1131 1248 1170 1298 s‘s‘:
1186 1247 1232 1298 sed
1250 1246 1358 1298 Budenr.

762 1393 869 1445 NOTAE

256 1507 325 1564 seut,
343 1503 381 1552 sic
402 1504 477 1553 multi
498 1506 613 1555 nondum
633 1505 791 1556 meruissent
831 1504 951 1568 quaedam
971 1510 1057 1553 tumen
1075 1504 1171 1553 studiis
1192 1502 1301 1553 tribuum
1317 1499 1358 1553 tie·

255 1578 405 1643 stipendia;
431 1580 468 1629 sic
493 1581 580 1630 multis
606 1582 731 1645 pecuniis,
751 1582 790 1632 sic
828 1578 902 1630 baut.
935 1581 1029 1644 Neque
1048 1581 1163 1645 populus
1181 1579 1355 1641 ademtumjur

254 1654 343 1703 multis
354 1656 424 1718 agris
432 1670 497 1718 opus
506 1656 607 1718 fuisset,
617 1657 686 1723 quod
698 1659 789 1707 aerario
829 1661 938 1720 questus
950 1663 1002 1716 est,
1010 1655 1062 1704 uisi
1070 1656 1143 1704 inani
1154 1669 1271 1705 rumore:
1288 1659 1314 1702 et
1323 1667 1358 1703 sev

254 1728 416 1792 Reipublicae
430 1731 599 1795 Principique
611 1739 639 1781 et
654 1734 731 1781 sociis
750 1734 789 1781 in·
828 1739 913 1793 uatus,
923 1732 1101 1795 largitionibus
1124 1746 1156 1780 ac
1175 1730 1292 1795 precibus
1310 1743 1358 1778 sor·

254 1802 391 1857 tolerabile
402 1802 504 1859 fnisset.
830 1806 897 1856 didis
916 1807 1058 1868 exsolutos,
1068 1806 1155 1854 libens
1176 1806 1267 1867 tenuit,
1276 1804 1358 1853 mode·

286 1890 298 1915 ⁰
314 1884 427 1933 menei·
436 1886 574 1950 manipulis]
587 1889 652 1936 omo
662 1894 703 1938 est
714 1885 789 1936 dimi.
829 1889 905 1931 rante
914 1880 1028 1944 liberio,
1036 1896 1068 1930 ne
1078 1882 1168 1944 plures
1181 1896 1256 1946 quam
1273 1886 1357 1945 quatu·

254 1957 298 2007 diu
309 1973 369 2023 pars
381 1960 514 2024 manipuli.
547 1963 583 2011 Et
601 1968 677 2012 erant
687 1963 713 2013 in
726 1977 788 2027 qm.
829 1971 860 2005 or
878 1956 1030 2006 candidatos
1045 1956 1249 2018 commendaret,
1264 1963 1291 2004 et
1305 1955 1356 2003 sinc

252 2034 318 2084 libet
338 2036 470 2099 manipulo
491 2036 542 2085 dno
566 2038 743 2100 centuriones,
761 2045 789 2088 et
827 2036 932 2098 repulsa
943 2043 971 2085 et
982 2035 1082 2085 ambitu
1094 2034 1286 2099 designandos!

252 2124 326 2159 snam
348 2111 457 2175 quisque
476 2118 578 2176 partem
593 2112 788 2179 ducebat,qnae
861 2112 895 2160 Et
916 2112 944 2161 id
965 2113 999 2161 de
1010 2119 1128 2177 praetura
1146 2110 1353 2175 intelligendum

252 2186 309 2234 ordo
320 2186 364 2235 vel
373 2188 481 2237 centurio
489 2188 634 2240 dicebatur.
668 2192 788 2241 Eruutin
828 2202 887 2236 usur
908 2188 941 2237 de
960 2190 1096 2238 consulatu
1114 2189 1194 2238 aliter
1214 2186 1354 2237 rehabuit:

252 2260 354 2323 legione
365 2261 456 2311 decem
467 2264 597 2328 cohortes,
610 2267 733 2329 quelibet
745 2283 789 2318 co·
828 2263 891 2313 vide
902 2278 921 2315 1·
933 2269 974 2314 81·

251 2334 313 2386 hors
323 2336 413 2388 habuit
425 2345 479 2389 tres
492 2342 636 2405 manipulos
647 2359 655 2404 ;
668 2344 693 2392 io
705 2346 787 2409 quoli-
859 2346 869 2373 ¹
884 2341 1001 2405 Princeps
1010 2340 1152 2405 oomposer‘t]
1168 2341 1252 2390 Semel
1261 2343 1354 2389 tautum

251 2412 299 2464 bet
318 2414 449 2480 manipulo
470 2416 528 2467 duae
549 2419 682 2482 centuriae,
703 2428 730 2470 et
748 2421 787 2472 sio
825 2431 905 2479 nuuc,
916 2425 944 2468 et
954 2418 1003 2467 hue
1014 2417 1080 2478 sice,
1090 2432 1138 2466 seu
1149 2419 1199 2466 hoc
1209 2431 1287 2476 auno;
1297 2413 1354 2463 alio·

251 2505 298 2540 sex
308 2495 474 2544 centuriones
490 2494 562 2544 luere
581 2497 607 2545 iu
619 2498 734 2562 qualibet
745 2514 787 2550 co·
826 2494 872 2559 qui
888 2495 960 2558 leges
976 2502 1005 2544 et
1019 2494 1140 2543 instituta
1152 2493 1265 2558 priorum
1276 2491 1354 2541 cesa·

251 2567 336 2630 horte,
357 2574 386 2618 et
405 2569 432 2619 iu
454 2575 510 2620 totu
526 2571 629 2634 legione
650 2575 787 2636 sexaginta
824 2565 883 2618 πίω
894 2568 1054 2633 infregisset,
1071 2568 1115 2632 (11Ιί
1127 2569 1177 2617 tibi
1189 2566 1354 2616 comitium·

250 2643 424 2706 centuriones,
434 2651 461 2694 et
480 2645 586 2709 triginta
602 2648 736 2712 manipuli.
754 2650 786 2699 ln
827 2645 910 2694 tulum
920 2645 1092 2707 vindicarent,
1103 2644 1210 2693 comitia
1221 2647 1354 2706 prelorum

251 2719 384 2782 manipulo
396 2719 503 2770 ducenti
519 2721 614 2770 milites
626 2738 634 2782 3
654 2722 682 2772 iu
693 2724 785 2774 ordine
826 2722 928 2772 senatui
938 2721 1102 2785 reliquerant
1112 2719 1249 2769 hacteuus.

251 2800 368 2856 centum,
392 2794 417 2843 iu
437 2797 543 2848 cohorte
559 2800 687 2864 sexcenti,
708 2801 735 2850 in
749 2803 786 2852 le·
856 2803 866 2830 ⁸
883 2798 951 2859 lies,
966 2797 1007 2860 pso*
1022 2810 1095 2859 repro
1105 2810 1228 2845 aarum
1241 2790 1354 2858 petebant]

249 2868 414 2931 gioneoooo.
825 2873 886 2922 Huc
895 2873 1004 2937 respicit
1013 2873 1118 2922 Suetou.
1129 2872 1198 2920 Ner.
1209 2869 1355 2920 ro.=‘cru·

283 2949 296 2985 Ρ
314 2945 418 2995 Consilio
426 2947 573 3013 Praetorem]
590 2950 621 3001 Id
633 2957 682 3012 est,
693 2952 785 3017 quibus
825 2948 938 3013 didatus,
959 2948 1003 3014 qui
1021 2962 1098 3011 supra
1112 2961 1247 2996 numerum
1262 2949 1352 3006 errent,
1371 2954 1375 2959 “

250 3021 334 3069 creari
356 3028 481 3085 praetores
497 3025 623 3088 solebant,
640 3041 672 3078 ea
689 3029 787 3078 comitio
825 3024 852 3073 iu
869 3025 991 3074 solatium
1008 3022 1142 3072 dilationis
1154 3039 1188 3074 ae
1199 3037 1285 3085 morae,
1295 3019 1352 3083 legi·

250 3097 345 3147 relicta
355 3113 435 3162 penes
447 3107 579 3163 senatum
600 3103 637 3152 itu
654 3109 683 3154 ut
695 3105 786 3155 Caesar
825 3098 918 3148 ollibus
929 3099 1087 3162 preposuit!

248 3178 337 3235 posset
345 3176 525 3225 commendare
538 3179 683 3242 nonnullos,
695 3178 738 3245 qni
751 3180 784 3230 si·
857 3174 865 3206 ²
879 3173 982 3236 legioni
993 3173 1157 3239 preficiendo]
1182 3174 1251 3227 Quia
1265 3181 1352 3235 nempe

248 3259 283 3296 ne
295 3250 397 3311 repulsa
407 3250 562 3314 dignitatern
570 3254 784 3319 adipiscerentur.
823 3251 904 3316 legati
918 3252 1050 3315 legionum
1068 3251 1125 3302 fere
1142 3253 1271 3317 dignitate
1281 3262 1350 3314 pares

248 3321 284 3370 Et
295 3321 314 3370 ii
324 3324 445 3373 candidati
452 3327 568 3390 principis
578 3330 750 3386 vocabantur.
822 3327 961 3391 praetoriis,
977 3334 1005 3376 et
1025 3328 1179 3393 quaudoque
1195 3328 1239 3393 qui
1250 3328 1350 3390 impen-

282 3397 333 3446 Sed
349 3399 410 3462 quia
430 3408 484 3450 lum
501 3403 568 3452 iuter
583 3419 610 3453 se
622 3405 783 3474 dissidebant
822 3403 1348 3469 bautlegiouibus,praeturolunctiersut:

248 3474 355 3539 Patres,
371 3483 399 3526 et
409 3477 469 3528 ideo
481 3481 662 3534 contentiones
674 3483 699 3532 in
708 3499 782 3534 seua·
822 3481 1060 3545 qnandoqoeetiam
1069 3497 1183 3545 preesse
1192 3482 1350 3546 legioni,gn·

249 3555 279 3600 tu
290 3559 455 3617 exarseraut3
473 3556 603 3606 ordinavit
614 3558 736 3623 princeps
749 3576 782 3610 ea
822 3556 870 3605 dus
888 3558 1022 3621 proximus
1042 3557 1075 3606 ad
1099 3564 1240 3621 pretorem
1257 3555 1313 3617 tuit,
1322 3560 1350 3602 ut

247 3625 353 3686 condio,
374 3642 530 3691 prosummo
542 3645 588 3680 eno
604 3632 732 3695 arbitri03
753 3641 782 3685 et
820 3639 937 3696 pretore
962 3633 995 3682 ad
1015 3634 1185 3696 consulatum,
1205 3632 1348 3683 consulatus

248 3707 337 3760 tamen
351 3705 475 3755 uedilata
484 3721 531 3768 spe
541 3707 676 3772 dignitatis
695 3711 781 3761 irrita-
820 3706 854 3756 ad
863 3709 1083 3771 proconsulatum,
1092 3715 1120 3759 et
1130 3709 1295 3773 aliuimerla
1304 3705 1349 3756 eti·

247 3783 340 3828 rentur
361 3781 449 3843 animi,
467 3781 587 3845 prefecit
603 3785 697 3849 legioni
716 3795 781 3851 tres,
820 3798 862 3832 am
873 3784 1086 3834 extraordinaria.

247 3853 385 3904 madidatos
402 3861 524 3921 mutere,
542 3859 587 3924 qui
600 3875 679 3926 supro
692 3879 780 3914 nume·
852 3860 1124 3928 Legiosiproefics’csdo]
1149 3863 1192 3912 Sic
1203 3877 1262 3926 spes
1271 3859 1347 3910 dilata

247 3940 304 3981 rum
313 3939 445 3996 peterent.
819 3936 983 3997 leniebatur3
1000 3946 1028 3988 et
1040 3939 1149 4004 quisque
1159 3937 1300 4001 petentium
1308 3948 1346 3983 su·

280 4009 419 4060 *Arbitrio
435 4011 549 4076 Senatus]
560 4015 679 4066 =Taoitus
699 4031 718 4068 r.
739 4023 781 4068 15.
820 4027 1008 4076 pranumerum
1019 4012 1348 4079 praronrulegionitmpo«

245 4083 330 4134 ‘Tum
351 4087 461 4149 primum
482 4102 498 4137 e
518 4105 609 4155 campo
628 4093 733 4143 comitia
747 4095 780 4144 ad
819 4088 884 4138 situs
903 4096 954 4152 est,
975 4092 1065 4154 sicque
1091 4090 1241 4140 remanebat
1266 4084 1345 4136 veluti

247 4145 341 4210 Patres
359 4164 563 4217 translatasuut.
596 4169 664 4218 Naro
678 4170 781 4220 sdeuur
819 4171 963 4230 perpetuus
983 4172 1107 4230 praeturae
1126 4166 1286 4227 candidatus,
1302 4161 1345 4210 do

247 4233 325 4301 diem,
334 4239 383 4288 etsi
391 4241 637 4304 potissimaarbitrio
644 4245 780 4311 principis,
819 4253 868 4289 nro
888 4251 956 4290 auno
974 4241 1092 4305 proximo
1120 4243 1161 4293 rel
1180 4237 1343 4308 mouentibus
