2984 4850
167 369 304 434 scus]
530 362 736 414 suuuuruu
761 365 834 415 urs.
858 366 923 416 xv.
1182 353 1268 420 1843

167 517 277 575 tumen
292 507 424 573 ‘itineri
438 506 569 586 singula
582 504 698 570 milliai
711 526 756 570 ex
768 509 872 572 tribus
884 506 1086 592 legionibus,j
1102 516 1135 575 et
1149 513 1270 578 alarios

166 605 396 692 octingentos,k
412 629 524 690 parem
541 629 711 672 numerum
725 632 745 674 e
758 610 970 688 cohortibus,’
980 611 1090 695 jussit.

208 710 333 779 11..At
357 711 555 789 Vologeses,
583 711 749 790 quamvis,
783 713 943 775 ‘obsessa
972 712 1113 778 ePaeto
1138 713 1269 792 itinere,

168 813 242 877 hinc
267 815 443 896 peditatu,¹
468 812 559 875 inde²
582 813 714 893 equite,’
737 814 939 895 accepisset,
955 813 1036 877 nihil
1048 820 1177 880 mutato
1193 837 1271 882 cou-

166 1013 253 1069 tumeu,
260 1008 360 1070 accingi
371 1008 419 1062 viae
431 1008 533 1070 singula
542 1008 625 1055 millia
632 1022 665 1055 ex
674 1007 757 1056 tribus
765 1008 919 1072 legionibus,
927 1016 953 1058 et
963 1024 995 1058 ex
1005 1010 1091 1060 alariis
1098 1011 1272 1076 octingentos,

169 1072 330 1136 totidemque
345 1073 446 1133 pedites
457 1087 489 1119 ex
501 1072 667 1120 auxiliaribus
679 1073 769 1134 copiis.
1207 1077 1209 1082 ’

199 1135 236 1185 Ae
250 1137 380 1197 Vologeses,
391 1136 447 1185 licet
456 1136 615 1199 comperisset,
629 1136 740 1184 insessas
752 1151 767 1184 a
779 1135 855 1185 Pretn
866 1136 930 1198 vias,
941 1138 1002 1188 iiiuc
1018 1139 1190 1203 pedestribus,
1200 1141 1271 1190 illinc

166 1200 331 1264 equestribus
343 1201 433 1265 copiis,
444 1215 586 1263 nequequam
599 1207 686 1248 tamen
705 1216 720 1248 a
739 1200 834 1248 consitio
850 1201 989 1250 abderritus
1006 1209 1056 1266 est,
1072 1205 1149 1251 aedui
1159 1206 1271 1267 minisque

635 1329 811 1350 noeentum

205 1415 219 1457 l
238 1411 290 1460 Ms.
300 1411 368 1460 Bud.
379 1412 519 1475 pedite—²
534 1412 585 1462 Ms.
595 1412 663 1461 idem
685 1414 797 1463 tine—3
814 1413 863 1463 Sed
877 1414 990 1465 deletum
1001 1415 1106 1466 volebat
1117 1417 1273 1468 Faernus.-

665 1535 775 1587 NOTAE

197 1625 325 1688 ‘Singula
342 1630 429 1693 millia]
463 1632 527 1682 Quae
540 1646 572 1680 ex
585 1649 631 1682 sua
642 1635 703 1696 legi·
743 1638 808 1685 rium
826 1652 873 1700 pur
885 1637 972 1696 robur,
985 1637 1102 1700 pediturn
1113 1643 1139 1686 et
1157 1623 1274 1700 equitnm

166 1717 219 1752 one
226 1703 329 1765 Delerti,
339 1706 456 1767 Erpediti
465 1709 505 1755 vel
522 1708 649 1757 Vexillurii
661 1725 703 1758 un·
743 1711 874 1773 iutelligit,
884 1727 941 1760 cnm
952 1711 1024 1772 dicit,
1038 1726 1119 1772 parem
1129 1725 1274 1760 numerumn

167 1778 308 1838 salsentur,
319 1779 379 1843 quie
390 1782 504 1848 separati
514 1781 546 1830 ab
556 1783 703 1846 aquila,snb
742 1787 883 1837 cohortibus.
915 1786 999 1850 quue
1018 1801 1051 1834 ex
1071 1785 1191 1834 instituto
1211 1786 1276 1834 mili·

167 1852 266 1901 vexillo
277 1853 382 1916 proprio
398 1855 541 1905 merebant.
744 1863 797 1911 tiae,

198 1927 356 1976 tumuitus
365 1929 507 1993 legionibus]
523 1932 594 1982 Quas
604 1932 704 1993 babuit,
777 1937 844 1986 Nam
866 1951 969 2000 semper
990 1935 1085 1999 legioni
1112 1935 1205 1984 aderat
1229 1951 1277 1999 par

169 2018 264 2066 nempe
276 2019 309 2052 ex
318 2005 391 2052 tertio
402 2012 506 2054 etsexta
518 2013 545 2055 et
556 2009 654 2056 decimu.
745 2012 825 2060 robur
837 2013 977 2072 sociorum,
988 2011 1037 2061 nisi
1048 2010 1115 2059 forte
1128 2013 1213 2074 potius
1224 2011 1276 2060 tria

202 2077 329 2128 ¹¹Aturios
348 2081 504 2143 octingentos]
537 2083 596 2132 Alos
618 2091 646 2133 et
668 2100 704 2133 eo-
744 2089 826 2137 millia
837 2088 951 2152 peditum
964 2103 996 2136 err
1008 2087 1161 2150 legionibus,
1178 2093 1205 2136 et
1218 2087 1277 2136 toti·

165 2156 250 2204 dortes
261 2155 303 2203 bic
316 2155 349 2204 de
360 2156 491 2219 equitibus
503 2158 663 2222 intelligunt,
677 2165 705 2208 et
745 2163 805 2212 dem
817 2178 831 2211 e
849 2162 996 2212 cohortibus
1008 2162 1148 2224 sociorum,
1158 2168 1185 2210 et
1196 2162 1278 2211 octin-

168 2232 206 2284 tic
225 2232 300 2280 mille
310 2239 339 2280 et
348 2240 485 2281 sexcentos
502 2233 603 2298 equites
620 2235 705 2284 duxis-
745 2245 838 2301 gentos
850 2239 951 2298 alarios,
963 2237 1058 2300 purtim
1071 2238 1207 2300 Romanos,
1217 2251 1277 2299 pur·

170 2313 211 2357 set
234 2308 371 2358 Corbulo:
400 2309 469 2372 quod
490 2323 542 2357 non
565 2311 705 2360 verisimile
745 2314 793 2363 tim
815 2314 951 2362 auxiliares
973 2312 1113 2375 intelligit3
1140 2327 1200 2360 nam
1221 2317 1277 2360 tum

170 2389 221 2446 est,
234 2398 295 2433 cum
313 2385 362 2433 triu
378 2385 459 2434 millia
475 2385 593 2448 peditum
605 2392 705 2437 tautum
746 2403 797 2439 uon
808 2388 944 2438 admodum
955 2385 1148 2448 distinguebant
1161 2387 1222 2436 alus.
1255 2385 1278 2437 E

170 2461 291 2510 baberet.
326 2461 473 2523 lutelligam
493 2476 542 2524 ego
559 2463 708 2523 octingentos
745 2462 896 2512 cohortibus
908 2468 1009 2511 tautum
1022 2461 1128 2510 assumti
1140 2460 1251 2523 pedites.

171 2539 275 2601 equites
298 2538 437 2598 sociorum,
459 2544 487 2587 et
509 2554 597 2601 parem
620 2553 707 2589 nume·
778 2537 876 2586 Alamos
895 2537 1053 2599 octingentos]
1087 2537 1173 2585 Vertit
1194 2536 1280 2585 Inter·

170 2628 227 2663 rum
240 2614 358 2676 peditum
368 2613 447 2661 etiam
459 2615 631 2664 auxiliarium.
748 2628 807 2677 pres
825 2614 949 2677 Gallicus,
961 2616 1030 2677 quasi
1049 2613 1136 2663 elusim
1152 2628 1198 2663 seu
1210 2613 1280 2676 equi·

203 2690 241 2739 Et
254 2689 316 2737 dum
328 2689 378 2737 iter
393 2688 494 2738 faceret
505 2690 627 2749 Corbulo,
638 2690 706 2739 haud
748 2696 788 2739 tes
800 2690 928 2753 legionum
937 2690 1081 2751 octingentos
1093 2688 1210 2753 expediri
1224 2689 1279 2752 jus·

170 2764 254 2816 dubie
271 2764 418 2813 assumebat
429 2764 524 2814 auxilia
544 2756 708 2830 Comagena,
748 2766 833 2827 sisset,
846 2773 872 2814 et
884 2766 994 2815 totidem
1006 2766 1084 2815 etiem
1097 2766 1191 2814 alarios
1209 2765 1281 2815 auxi·

173 2840 361 2903 Cappadocis,
372 2846 399 2886 et
409 2840 489 2887 etiam
498 2838 644 2900 Armenian
661 2841 708 2889 mi·
748 2842 838 2892 liures:
857 2840 1037 2906 quodfalsum.
1066 2842 1191 2904 Expedit-i
1199 2841 1281 2904 Jussit

171 2916 300 2979 litemque
323 2916 468 2977 perculsum
497 2931 542 2964 arta
570 2919 709 2980 prasentia
749 2916 1019 2979 triamilliapeditum
1039 2930 1054 2964 e
1072 2916 1218 2977 legionibus
1236 2914 1282 2963 tri·

172 2989 297 3055 famaque
309 2991 437 3054 erigebat,
448 2997 476 3039 et
496 2992 529 3040 sd
546 2994 619 3056 signu
638 3008 709 3043 revo-
750 2992 807 3056 bus,
823 2998 851 3041 et
870 2992 919 3040 tria
938 2991 1016 3039 etiam
1036 2990 1115 3038 millia
1131 2990 1280 3051 peditnme

171 3066 263 3117 cubat.
539 3088 544 3091 ·
749 3066 898 3116 cohortibus
914 3065 1083 3113 auxiliarium.
1118 3065 1152 3112 Et
1161 3066 1283 3126 octingen-

176 3178 180 3193 .
206 3144 245 3191 Et
275 3157 322 3205 per
347 3142 461 3203 mleurtes,
489 3145 559 3207 apud
581 3146 710 3205 Tacitum,
750 3140 1283 3204 tosulurins,indistinctennessentlegio·

173 3232 281 3280 semper
303 3217 439 3280 pedestres
457 3220 541 3281 copioe
562 3219 710 3282 iutellignn-
751 3215 1118 3278 num,nuesseutuuxilinres.

173 3300 229 3343 tur.
265 3295 301 3342 Et
316 3293 352 3342 ibi
368 3301 443 3343 certe
453 3294 542 3341 siurim
553 3298 662 3357 opponit
673 3311 710 3344 eo·
785 3292 853 3341 Nam
865 3291 963 3355 jumen
976 3306 1032 3340 aevo
1052 3290 1107 3339 fere
1124 3307 1174 3341 uon
1194 3292 1284 3343 distin·

172 3370 300 3427 bustim
311 3378 339 3418 et
349 3385 437 3431 parem
447 3384 581 3419 nuurerum
593 3372 711 3435 equitnm
752 3367 865 3429 guebaut
885 3368 941 3417 illos
960 3374 1091 3417 trecentos
1110 3370 1220 3433 equites,
1238 3370 1285 3435 qui

173 3456 203 3497 et
215 3448 334 3510 peditum
350 3461 365 3494 e
382 3447 457 3495 sociis
468 3444 590 3495 assumit:
608 3462 710 3511 nempe,
752 3444 838 3507 prisca
851 3445 953 3507 Repub.
965 3459 1010 3493 seu
1022 3446 1106 3494 veteri
1125 3446 1228 3508 militia,
1247 3448 1286 3497 in·

174 3525 346 3585 octingentos
364 3523 474 3586 equites,
491 3531 518 3569 et
538 3523 648 3571 totidem
667 3538 711 3587 pe·
753 3522 852 3571 dividui
868 3523 978 3585 equites,
990 3536 1036 3571 seu
1054 3524 1137 3573 alares
1155 3531 1231 3573 eruut
1242 3540 1285 3574 eu·

174 3599 257 3649 dites.
748 3598 858 3661 juslibet
869 3598 987 3661 legionis.

121 3714 125 3721 .
178 3707 183 3719 ·
208 3677 311 3726 surra
330 3674 489 3738 adiugentur]
523 3676 654 3739 intelligit
675 3678 713 3726 iu·
786 3676 846 3726 Jam
865 3674 994 3723 hebebant
1013 3675 1067 3723 slas
1080 3676 1285 3739 Romanasque.

174 3754 306 3803 distincte
323 3752 424 3815 equites
441 3754 571 3815 legionum
588 3754 715 3814 proprios,
754 3756 882 3814 separatae
902 3765 917 3798 a
936 3751 1038 3814 legione
1058 3750 1194 3801 urerebnnt
1211 3752 1287 3800 variis

175 3836 206 3879 et
216 3831 277 3878 eles
286 3830 411 3892 equitum,
423 3845 479 3890 que
495 3832 627 3889 Romanae,
637 3839 664 3878 et
674 3846 714 3880 se·
755 3829 817 3877 locis
829 3834 855 3875 et
867 3826 964 3889 praeliis
979 3827 1108 3887 immissus,
1117 3842 1164 3889 pro
1176 3825 1287 3875 necessi·

174 3905 292 3969 paratim
304 3905 429 3967 elegique
438 3906 595 3953 militabant.
757 3912 810 3951 tate
828 3918 921 3965 rerum,
938 3917 986 3953 nee
1006 3912 1080 3951 erunt
1099 3903 1142 3950 uui
1159 3910 1239 3949 certoe
1251 3900 1287 3949 le·

210 3982 309 4041 Itaque
327 3980 435 4041 perabat
448 3984 496 4029 vim
512 3983 561 4029 tria
581 3982 660 4029 millia
678 3983 715 4031 le-
757 3980 824 4043 gioni
844 3979 928 4028 effixae
948 3981 1027 4028 etiam
1047 3982 1074 4027 iu
1095 3980 1167 4034 scie;
1185 3984 1212 4023 ot
1233 3977 1286 4025 ales

77 4062 80 4069 '
175 4056 529 4119 giunuriorrrnr,serrciuium
543 4057 616 4104 Rom.
634 4064 661 4104 et
678 4058 714 4105 iu·
757 4056 1087 4118 auxiliarium,quaeetiurn
1104 4066 1287 4113 saepesepam·

175 4148 261 4194 snper·
286 4132 449 4191 octingentos
471 4133 573 4193 equites
598 4132 715 4193 ejusdem
756 4132 930 4193 teulegione
943 4133 1016 4179 Rom.
1029 4131 1101 4193 cujus
1113 4136 1187 4176 eraut
1201 4129 1288 4193 robur,

75 4256 79 4263 ,
175 4207 343 4257 conditionis
361 4220 393 4255 aa
415 4207 522 4257 mititiae.
555 4208 591 4255 Et
608 4208 715 4257 nuilia-
756 4206 916 4271 pugnabant,
925 4206 1229 4271 prust-disponerentur.
