<?xml version="1.0" encoding="UTF-8"?>
<!DOCTYPE html PUBLIC "-//W3C//DTD XHTML 1.0 Transitional//EN"
    "http://www.w3.org/TR/xhtml1/DTD/xhtml1-transitional.dtd">
<html xmlns="http://www.w3.org/1999/xhtml" xml:lang="en" lang="en">
 <head>
  <title>
</title>
<meta http-equiv="Content-Type" content="text/html;charset=utf-8" />
  <meta name='ocr-system' content='tesseract 3.04.00' />
  <meta name='ocr-capabilities' content='ocr_page ocr_carea ocr_par ocr_line ocrx_word'/>
</head>
<body>
  <div class='ocr_page' id='page_1' title='image "./ccorneliitaciti03unkngoog_0036.png"; bbox 0 0 2984 4850; ppageno 0'>
   <div class='ocr_carea' id='block_1_1' title="bbox 227 303 1328 433">
    <p class='ocr_par' dir='ltr' id='par_1_1' title="bbox 227 303 1328 433">
     <span class='ocr_line' id='line_1_1' title="bbox 227 303 1328 433; baseline -0.002 -20"><span class='ocrx_word' id='word_1_1' title='bbox 227 349 316 419; x_wconf 76' lang='lat' dir='ltr'>meu</span> <span class='ocrx_word' id='word_1_2' title='bbox 584 354 619 411; x_wconf 61' lang='lat' dir='ltr'>c:</span> <span class='ocrx_word' id='word_1_3' title='bbox 641 350 823 410; x_wconf 75' lang='lat' dir='ltr'>cornuin</span> <span class='ocrx_word' id='word_1_4' title='bbox 847 303 995 433; x_wconf 68' lang='lat' dir='ltr'>raeiri</span> <span class='ocrx_word' id='word_1_5' title='bbox 1164 356 1328 432; x_wconf 65' lang='lat' dir='ltr'>[nune</span> 
     </span>
    </p>
   </div>
   <div class='ocr_carea' id='block_1_2' title="bbox 223 498 1336 1999">
    <p class='ocr_par' dir='ltr' id='par_1_2' title="bbox 226 498 1329 792">
     <span class='ocr_line' id='line_1_2' title="bbox 226 498 1328 598; baseline -0.007 -25"><span class='ocrx_word' id='word_1_6' title='bbox 226 510 315 595; x_wconf 73' lang='lat' dir='ltr'>ejus:</span> <span class='ocrx_word' id='word_1_7' title='bbox 349 512 431 585; x_wconf 85' lang='lat' dir='ltr'>tuin,</span> <span class='ocrx_word' id='word_1_8' title='bbox 458 505 556 591; x_wconf 77' lang='lat' dir='ltr'>qnasi</span> <span class='ocrx_word' id='word_1_9' title='bbox 583 504 800 598; x_wconf 80' lang='lat' dir='ltr'>deprehenso,</span> <span class='ocrx_word' id='word_1_10' title='bbox 821 499 981 580; x_wconf 62' lang='lat' dir='ltr'>fuincla¹²</span> <span class='ocrx_word' id='word_1_11' title='bbox 1009 498 1114 585; x_wconf 61' lang='lat' dir='ltr'>injici?</span> <span class='ocrx_word' id='word_1_12' title='bbox 1138 500 1248 585; x_wconf 79' lang='lat' dir='ltr'>jubet,-</span> <span class='ocrx_word' id='word_1_13' title='bbox 1277 506 1328 578; x_wconf 87' lang='lat' dir='ltr'>ut,</span> 
     </span>
     <span class='ocr_line' id='line_1_3' title="bbox 227 600 1329 689; baseline -0.008 -14"><span class='ocrx_word' id='word_1_14' title='bbox 227 609 388 675; x_wconf 84' lang='lat' dir='ltr'>‘exitium</span> <span class='ocrx_word' id='word_1_15' title='bbox 402 606 570 689; x_wconf 79' lang='lat' dir='ltr'>Principis</span> <span class='ocrx_word' id='word_1_16' title='bbox 590 605 740 669; x_wconf 87' lang='lat' dir='ltr'>molitam</span> <span class='ocrx_word' id='word_1_17' title='bbox 762 608 911 678; x_wconf 85' lang='lat' dir='ltr'>matrem,</span> <span class='ocrx_word' id='word_1_18' title='bbox 926 600 960 666; x_wconf 86' lang='lat' dir='ltr'>et</span> <span class='ocrx_word' id='word_1_19' title='bbox 980 600 1108 685; x_wconf 87' lang='lat' dir='ltr'>pudore</span> <span class='ocrx_word' id='word_1_20' title='bbox 1135 601 1329 685; x_wconf 79' lang='lat' dir='ltr'>deprehensi</span> 
     </span>
     <span class='ocr_line' id='line_1_4' title="bbox 226 702 1122 792; baseline -0.012 -15"><span class='ocrx_word' id='word_1_21' title='bbox 226 710 361 778; x_wconf 68' lang='lat' dir='ltr'>scolene</span> <span class='ocrx_word' id='word_1_22' title='bbox 375 713 492 792; x_wconf 89' lang='lat' dir='ltr'>sponte</span> <span class='ocrx_word' id='word_1_23' title='bbox 504 710 643 770; x_wconf 81' lang='lat' dir='ltr'>mortem</span> <span class='ocrx_word' id='word_1_24' title='bbox 658 702 840 781; x_wconf 85' lang='lat' dir='ltr'>sumsisse,’</span> <span class='ocrx_word' id='word_1_25' title='bbox 855 702 1066 785; x_wconf 86' lang='lat' dir='ltr'>confingeret.</span> <span class='ocrx_word' id='word_1_26' title='bbox 1118 745 1122 753; x_wconf 85' lang='grc'><strong>-</strong></span> 
     </span>
    </p>

    <p class='ocr_par' dir='ltr' id='par_1_3' title="bbox 223 802 1336 1999">
     <span class='ocr_line' id='line_1_5' title="bbox 267 802 1332 890; baseline -0.008 -12"><span class='ocrx_word' id='word_1_27' title='bbox 267 811 303 878; x_wconf 78' lang='grc' dir='ltr'>Θ.</span> <span class='ocrx_word' id='word_1_28' title='bbox 324 810 460 875; x_wconf 81' lang='lat' dir='ltr'>Interim</span> <span class='ocrx_word' id='word_1_29' title='bbox 476 808 612 890; x_wconf 84' lang='lat' dir='ltr'>vulgato</span> <span class='ocrx_word' id='word_1_30' title='bbox 634 804 832 888; x_wconf 77' lang='lat' dir='ltr'>Agrippinae</span> <span class='ocrx_word' id='word_1_31' title='bbox 856 804 1015 887; x_wconf 89' lang='lat' dir='ltr'>periculo,</span> <span class='ocrx_word' id='word_1_32' title='bbox 1030 804 1227 887; x_wconf 82' lang='lat' dir='ltr'>quasicasu</span> <span class='ocrx_word' id='word_1_33' title='bbox 1251 802 1332 869; x_wconf 52' lang='lat' dir='ltr'>evei*</span> 
     </span>
     <span class='ocr_line' id='line_1_6' title="bbox 224 898 1328 993; baseline -0.006 -15"><span class='ocrx_word' id='word_1_34' title='bbox 224 913 340 989; x_wconf 87' lang='lat' dir='ltr'>nisset,</span> <span class='ocrx_word' id='word_1_35' title='bbox 355 916 394 975; x_wconf 87' lang='lat' dir='ltr'>ut</span> <span class='ocrx_word' id='word_1_36' title='bbox 415 910 556 993; x_wconf 87' lang='lat' dir='ltr'>quisque</span> <span class='ocrx_word' id='word_1_37' title='bbox 569 914 760 991; x_wconf 88' lang='lat' dir='ltr'>acceperat,</span> <span class='ocrx_word' id='word_1_38' title='bbox 776 898 946 971; x_wconf 76' lang='lat' dir='ltr'>decrnr&#39;ere</span> <span class='ocrx_word' id='word_1_39' title='bbox 968 903 1011 969; x_wconf 88' lang='lat' dir='ltr'>ad</span> <span class='ocrx_word' id='word_1_40' title='bbox 1034 908 1138 970; x_wconf 90' lang='lat' dir='ltr'>littus.</span> <span class='ocrx_word' id='word_1_41' title='bbox 1185 904 1235 969; x_wconf 92' lang='lat' dir='ltr'>Hi</span> <span class='ocrx_word' id='word_1_42' title='bbox 1257 923 1328 971; x_wconf 67' lang='lat' dir='ltr'>mo</span> 
     </span>
     <span class='ocr_line' id='line_1_7' title="bbox 224 1004 1336 1095; baseline -0.011 -16"><span class='ocrx_word' id='word_1_43' title='bbox 224 1012 310 1080; x_wconf 85' lang='lat' dir='ltr'>lium</span> <span class='ocrx_word' id='word_1_44' title='bbox 326 1010 548 1095; x_wconf 52' lang='lat' dir='ltr'>objecturam</span> <span class='ocrx_word' id='word_1_45' title='bbox 571 1011 746 1094; x_wconf 83' lang='lat' dir='ltr'>proximas</span> <span class='ocrx_word' id='word_1_46' title='bbox 769 1010 911 1092; x_wconf 78' lang='lat' dir='ltr'><strong>scaphas</strong></span> <span class='ocrx_word' id='word_1_47' title='bbox 936 1004 1111 1071; x_wconf 81' lang='lat' dir='ltr'>scandere:</span> <span class='ocrx_word' id='word_1_48' title='bbox 1136 1007 1205 1085; x_wconf 88' lang='lat' dir='ltr'>alii,</span> <span class='ocrx_word' id='word_1_49' title='bbox 1226 1024 1336 1091; x_wconf 70' lang='lat' dir='ltr'>quam.</span> 
     </span>
     <span class='ocr_line' id='line_1_8' title="bbox 225 1108 1329 1196; baseline -0.007 -17"><span class='ocrx_word' id='word_1_50' title='bbox 225 1121 299 1180; x_wconf 83' lang='lat' dir='ltr'>tum</span> <span class='ocrx_word' id='word_1_51' title='bbox 323 1132 447 1196; x_wconf 90' lang='lat' dir='ltr'>corpus</span> <span class='ocrx_word' id='word_1_52' title='bbox 470 1113 611 1189; x_wconf 82' lang='lat' dir='ltr'>sinebat,</span> <span class='ocrx_word' id='word_1_53' title='bbox 634 1111 758 1176; x_wconf 83' lang='lat' dir='ltr'><strong>vadere</strong></span> <span class='ocrx_word' id='word_1_54' title='bbox 781 1112 814 1174; x_wconf 94' lang='lat' dir='ltr'>in</span> <span class='ocrx_word' id='word_1_55' title='bbox 838 1128 939 1186; x_wconf 85' lang='lat' dir='ltr'>mare,</span> <span class='ocrx_word' id='word_1_56' title='bbox 954 1108 1090 1191; x_wconf 90' lang='lat' dir='ltr'>quidam</span> <span class='ocrx_word' id='word_1_57' title='bbox 1112 1126 1230 1172; x_wconf 89' lang='lat' dir='ltr'>manus</span> <span class='ocrx_word' id='word_1_58' title='bbox 1253 1116 1329 1191; x_wconf 67' lang='lat' dir='ltr'>pro‡</span> 
     </span>
     <span class='ocr_line' id='line_1_9' title="bbox 224 1210 1330 1298; baseline -0.008 -18"><span class='ocrx_word' id='word_1_59' title='bbox 224 1216 374 1281; x_wconf 85' lang='lat' dir='ltr'>tendere:</span> <span class='ocrx_word' id='word_1_60' title='bbox 404 1216 587 1298; x_wconf 87' lang='lat' dir='ltr'>questibus,</span> <span class='ocrx_word' id='word_1_61' title='bbox 616 1215 728 1289; x_wconf 86' lang='lat' dir='ltr'>votis,¹</span> <span class='ocrx_word' id='word_1_62' title='bbox 756 1210 899 1275; x_wconf 86' lang='lat' dir='ltr'>clamore</span> <span class='ocrx_word' id='word_1_63' title='bbox 928 1210 1062 1275; x_wconf 79' lang='lat' dir='ltr'>diversa</span> <span class='ocrx_word' id='word_1_64' title='bbox 1088 1210 1330 1291; x_wconf 74' lang='lat' dir='ltr'>rogitantium,⁸</span> 
     </span>
     <span class='ocr_line' id='line_1_10' title="bbox 226 1308 1330 1397; baseline -0.008 -16"><span class='ocrx_word' id='word_1_65' title='bbox 226 1322 286 1382; x_wconf 84' lang='lat' dir='ltr'>aut</span> <span class='ocrx_word' id='word_1_66' title='bbox 310 1317 438 1379; x_wconf 89' lang='lat' dir='ltr'>incerta</span> <span class='ocrx_word' id='word_1_67' title='bbox 459 1314 744 1397; x_wconf 74' lang='lat' dir='ltr'>respondentium,</span> <span class='ocrx_word' id='word_1_68' title='bbox 784 1314 890 1377; x_wconf 86' lang='lat' dir='ltr'>omnis</span> <span class='ocrx_word' id='word_1_69' title='bbox 914 1330 973 1375; x_wconf 89' lang='lat' dir='ltr'>ora</span> <span class='ocrx_word' id='word_1_70' title='bbox 998 1311 1173 1393; x_wconf 89' lang='lat' dir='ltr'>compleri:</span> <span class='ocrx_word' id='word_1_71' title='bbox 1197 1308 1330 1373; x_wconf 85' lang='lat' dir='ltr'>affluere</span> 
     </span>
     <span class='ocr_line' id='line_1_11' title="bbox 225 1410 1330 1499; baseline -0.008 -17"><span class='ocrx_word' id='word_1_72' title='bbox 225 1419 342 1499; x_wconf 82' lang='lat' dir='ltr'>ingens</span> <span class='ocrx_word' id='word_1_73' title='bbox 353 1410 531 1481; x_wconf 87' lang='lat' dir='ltr'>multitudo</span> <span class='ocrx_word' id='word_1_74' title='bbox 546 1436 623 1479; x_wconf 93' lang='lat' dir='ltr'>cum</span> <span class='ocrx_word' id='word_1_75' title='bbox 636 1416 827 1492; x_wconf 88' lang='lat' dir='ltr'>luminibus,</span> <span class='ocrx_word' id='word_1_76' title='bbox 844 1420 954 1497; x_wconf 86' lang='lat' dir='ltr'>atque,</span> <span class='ocrx_word' id='word_1_77' title='bbox 969 1413 1028 1475; x_wconf 93' lang='lat' dir='ltr'>ubi</span> <span class='ocrx_word' id='word_1_78' title='bbox 1045 1412 1240 1475; x_wconf 88' lang='lat' dir='ltr'>incolumem</span> <span class='ocrx_word' id='word_1_79' title='bbox 1254 1426 1330 1473; x_wconf 85' lang='lat' dir='ltr'>esse</span> 
     </span>
     <span class='ocr_line' id='line_1_12' title="bbox 224 1509 1330 1602; baseline -0.006 -21"><span class='ocrx_word' id='word_1_80' title='bbox 224 1517 402 1602; x_wconf 76' lang='lat' dir='ltr'>pernotuit,</span> <span class='ocrx_word' id='word_1_81' title='bbox 426 1522 464 1580; x_wconf 92' lang='lat' dir='ltr'>ut</span> <span class='ocrx_word' id='word_1_82' title='bbox 485 1518 528 1579; x_wconf 89' lang='lat' dir='ltr'>ad</span> <span class='ocrx_word' id='word_1_83' title='bbox 551 1516 757 1598; x_wconf 82' lang='lat' dir='ltr'>gratandum,</span> <span class='ocrx_word' id='word_1_84' title='bbox 783 1534 856 1578; x_wconf 85' lang='lat' dir='ltr'>sese</span> <span class='ocrx_word' id='word_1_85' title='bbox 876 1509 1045 1597; x_wconf 85' lang='lat' dir='ltr'>expedire,</span> <span class='ocrx_word' id='word_1_86' title='bbox 1067 1512 1172 1576; x_wconf 88' lang='lat' dir='ltr'>donec</span> <span class='ocrx_word' id='word_1_87' title='bbox 1192 1515 1330 1593; x_wconf 86' lang='lat' dir='ltr'>aspectu</span> 
     </span>
     <span class='ocr_line' id='line_1_13' title="bbox 227 1612 1330 1699; baseline -0.008 -16"><span class='ocrx_word' id='word_1_88' title='bbox 227 1619 346 1683; x_wconf 85' lang='lat' dir='ltr'>armati</span> <span class='ocrx_word' id='word_1_89' title='bbox 360 1623 394 1681; x_wconf 92' lang='lat' dir='ltr'>et</span> <span class='ocrx_word' id='word_1_90' title='bbox 406 1618 587 1681; x_wconf 88' lang='lat' dir='ltr'>minitantis</span> <span class='ocrx_word' id='word_1_91' title='bbox 597 1617 737 1699; x_wconf 89' lang='lat' dir='ltr'>agminis</span> <span class='ocrx_word' id='word_1_92' title='bbox 751 1616 892 1699; x_wconf 85' lang='lat' dir='ltr'>disjecti³</span> <span class='ocrx_word' id='word_1_93' title='bbox 907 1619 994 1678; x_wconf 87' lang='lat' dir='ltr'>sunt.</span> <span class='ocrx_word' id='word_1_94' title='bbox 1038 1612 1202 1679; x_wconf 81' lang='lat' dir='ltr'>Anicetus</span> <span class='ocrx_word' id='word_1_95' title='bbox 1214 1612 1330 1676; x_wconf 89' lang='lat' dir='ltr'>villam</span> 
     </span>
     <span class='ocr_line' id='line_1_14' title="bbox 227 1716 1330 1799; baseline -0.006 -16"><span class='ocrx_word' id='word_1_96' title='bbox 227 1720 372 1783; x_wconf 82' lang='lat' dir='ltr'>statione</span> <span class='ocrx_word' id='word_1_97' title='bbox 410 1718 604 1794; x_wconf 88' lang='lat' dir='ltr'>circumdat,</span> <span class='ocrx_word' id='word_1_98' title='bbox 633 1716 839 1799; x_wconf 86' lang='lat' dir='ltr'>refractaque</span> <span class='ocrx_word' id='word_1_99' title='bbox 864 1716 981 1798; x_wconf 86' lang='lat' dir='ltr'>janua,</span> <span class='ocrx_word' id='word_1_100' title='bbox 1009 1716 1129 1779; x_wconf 87' lang='lat' dir='ltr'>obvios</span> <span class='ocrx_word' id='word_1_101' title='bbox 1157 1731 1330 1778; x_wconf 85' lang='lat' dir='ltr'>servorum</span> 
     </span>
     <span class='ocr_line' id='line_1_15' title="bbox 226 1814 1330 1901; baseline -0.006 -19"><span class='ocrx_word' id='word_1_102' title='bbox 226 1819 368 1901; x_wconf 70' lang='lat' dir='ltr'>surripit,4</span> <span class='ocrx_word' id='word_1_103' title='bbox 381 1817 489 1881; x_wconf 89' lang='lat' dir='ltr'>donec</span> <span class='ocrx_word' id='word_1_104' title='bbox 505 1816 647 1880; x_wconf 87' lang='lat' dir='ltr'>adfores</span> <span class='ocrx_word' id='word_1_105' title='bbox 662 1816 808 1879; x_wconf 86' lang='lat' dir='ltr'>cubiculi</span> <span class='ocrx_word' id='word_1_106' title='bbox 822 1816 964 1880; x_wconf 90' lang='lat' dir='ltr'>veniret:</span> <span class='ocrx_word' id='word_1_107' title='bbox 980 1817 1036 1879; x_wconf 91' lang='lat' dir='ltr'>cui</span> <span class='ocrx_word' id='word_1_108' title='bbox 1051 1817 1152 1899; x_wconf 87' lang='lat' dir='ltr'>pauci</span> <span class='ocrx_word' id='word_1_109' title='bbox 1165 1814 1330 1891; x_wconf 84' lang='lat' dir='ltr'>astabant,</span> 
     </span>
     <span class='ocr_line' id='line_1_16' title="bbox 223 1910 1328 1999; baseline -0.004 -17"><span class='ocrx_word' id='word_1_110' title='bbox 223 1919 342 1983; x_wconf 86' lang='lat' dir='ltr'>ceteris</span> <span class='ocrx_word' id='word_1_111' title='bbox 356 1922 475 1981; x_wconf 87' lang='lat' dir='ltr'>terrore</span> <span class='ocrx_word' id='word_1_112' title='bbox 491 1917 739 1999; x_wconf 83' lang='lat' dir='ltr'>irrumpentium</span> <span class='ocrx_word' id='word_1_113' title='bbox 751 1910 932 1982; x_wconf 77' lang='lat' dir='ltr'>exterritis,</span> <span class='ocrx_word' id='word_1_114' title='bbox 977 1914 1142 1979; x_wconf 86' lang='lat' dir='ltr'>Cubiculo</span> <span class='ocrx_word' id='word_1_115' title='bbox 1157 1912 1328 1978; x_wconf 86' lang='lat' dir='ltr'>modicum</span> 
     </span>
    </p>
   </div>
   <div class='ocr_carea' id='block_1_3' title="bbox 215 2076 1394 2918">
    <p class='ocr_par' dir='ltr' id='par_1_4' title="bbox 226 2076 1331 2214">
     <span class='ocr_line' id='line_1_17' title="bbox 226 2076 1331 2151; baseline -0.004 -12"><span class='ocrx_word' id='word_1_116' title='bbox 226 2088 416 2150; x_wconf 74' lang='lat' dir='ltr'>cuteucsjubet,</span> <span class='ocrx_word' id='word_1_117' title='bbox 425 2092 454 2137; x_wconf 86' lang='lat' dir='ltr'>ut</span> <span class='ocrx_word' id='word_1_118' title='bbox 461 2089 496 2136; x_wconf 86' lang='lat' dir='ltr'>sic</span> <span class='ocrx_word' id='word_1_119' title='bbox 507 2089 669 2149; x_wconf 72' lang='lat' dir='ltr'>ementiretur,</span> <span class='ocrx_word' id='word_1_120' title='bbox 685 2094 795 2136; x_wconf 88' lang='lat' dir='ltr'>matrem</span> <span class='ocrx_word' id='word_1_121' title='bbox 808 2104 898 2137; x_wconf 88' lang='lat' dir='ltr'>necem</span> <span class='ocrx_word' id='word_1_122' title='bbox 915 2088 1027 2151; x_wconf 85' lang='lat' dir='ltr'>principi</span> <span class='ocrx_word' id='word_1_123' title='bbox 1037 2076 1153 2151; x_wconf 79' lang='lat' dir='ltr'>parasse,</span> <span class='ocrx_word' id='word_1_124' title='bbox 1162 2092 1190 2135; x_wconf 86' lang='lat' dir='ltr'>et</span> <span class='ocrx_word' id='word_1_125' title='bbox 1200 2100 1257 2135; x_wconf 84' lang='lat' dir='ltr'>eam</span> <span class='ocrx_word' id='word_1_126' title='bbox 1268 2099 1331 2136; x_wconf 89' lang='lat' dir='ltr'>con-</span> 
     </span>
     <span class='ocr_line' id='line_1_18' title="bbox 227 2151 1323 2214; baseline -0.003 -12"><span class='ocrx_word' id='word_1_127' title='bbox 227 2152 336 2202; x_wconf 81' lang='lat' dir='ltr'>scientie</span> <span class='ocrx_word' id='word_1_128' title='bbox 348 2152 475 2214; x_wconf 84' lang='lat' dir='ltr'>comperti</span> <span class='ocrx_word' id='word_1_129' title='bbox 486 2151 607 2202; x_wconf 85' lang='lat' dir='ltr'>facinoris</span> <span class='ocrx_word' id='word_1_130' title='bbox 619 2153 686 2200; x_wconf 90' lang='lat' dir='ltr'>ultro</span> <span class='ocrx_word' id='word_1_131' title='bbox 697 2152 746 2200; x_wconf 90' lang='lat' dir='ltr'>sibi</span> <span class='ocrx_word' id='word_1_132' title='bbox 758 2162 868 2201; x_wconf 86' lang='lat' dir='ltr'>mortem</span> <span class='ocrx_word' id='word_1_133' title='bbox 879 2153 1046 2202; x_wconf 84' lang='lat' dir='ltr'>conscivisse.</span> <span class='ocrx_word' id='word_1_134' title='bbox 1318 2204 1323 2211; x_wconf 61' lang='grc'>,</span> 
     </span>
    </p>

    <p class='ocr_par' dir='ltr' id='par_1_5' title="bbox 215 2214 1394 2918">
     <span class='ocr_line' id='line_1_19' title="bbox 259 2214 1331 2279; baseline -0.001 -16"><span class='ocrx_word' id='word_1_135' title='bbox 259 2216 356 2265; x_wconf 79' lang='lat' dir='ltr'>Interes</span> <span class='ocrx_word' id='word_1_136' title='bbox 376 2229 456 2279; x_wconf 65' lang='lat' dir='ltr'>murac</span> <span class='ocrx_word' id='word_1_137' title='bbox 473 2230 567 2264; x_wconf 85' lang='lat' dir='ltr'>rumore</span> <span class='ocrx_word' id='word_1_138' title='bbox 584 2214 730 2263; x_wconf 79' lang='lat' dir='ltr'>discriminis</span> <span class='ocrx_word' id='word_1_139' title='bbox 745 2217 898 2279; x_wconf 76' lang='lat' dir='ltr'>Agrippinen,</span> <span class='ocrx_word' id='word_1_140' title='bbox 916 2223 1025 2279; x_wconf 75' lang='lat' dir='ltr'>tanquam</span> <span class='ocrx_word' id='word_1_141' title='bbox 1039 2214 1142 2278; x_wconf 72' lang='lat' dir='ltr'>samnito</span> <span class='ocrx_word' id='word_1_142' title='bbox 1156 2214 1287 2275; x_wconf 80' lang='lat' dir='ltr'>cecidisset,</span> <span class='ocrx_word' id='word_1_143' title='bbox 1302 2218 1331 2262; x_wconf 86' lang='lat' dir='ltr'>ut</span> 
     </span>
     <span class='ocr_line' id='line_1_20' title="bbox 215 2279 1331 2392; baseline -0.004 -64"><span class='ocrx_word' id='word_1_144' title='bbox 215 2281 321 2391; x_wconf 35' lang='lat' dir='ltr'>&#39;m‘</span> <span class='ocrx_word' id='word_1_145' title='bbox 338 2281 470 2391; x_wconf 51' lang='lat' dir='ltr'>audiuerdut,</span> <span class='ocrx_word' id='word_1_146' title='bbox 485 2281 594 2391; x_wconf 51' lang='lat' dir='ltr'>«suffire</span> <span class='ocrx_word' id='word_1_147' title='bbox 611 2279 750 2391; x_wconf 51' lang='lat' dir='ltr'>adtripcm.</span> <span class='ocrx_word' id='word_1_148' title='bbox 777 2282 1051 2392; x_wconf 48' lang='lat' dir='ltr'>altltdbmotistsppositue</span> <span class='ocrx_word' id='word_1_149' title='bbox 1071 2280 1196 2390; x_wconf 42' lang='grc' dir='ltr'>ζίρὶρῖξιὶὶὶ</span> <span class='ocrx_word' id='word_1_150' title='bbox 1210 2292 1331 2389; x_wconf 59' lang='grc' dir='ltr'>μνὲῗυηοι</span> 
     </span>
     <span class='ocr_line' id='line_1_21' title="bbox 224 2356 1332 2471; baseline -0.002 -15"><span class='ocrx_word' id='word_1_151' title='bbox 224 2359 440 2457; x_wconf 38' lang='lat' dir='ltr'>musilidneffterfcs</span> <span class='ocrx_word' id='word_1_152' title='bbox 448 2358 578 2471; x_wconf 53' lang='lat' dir='ltr'>pinigeri.</span> <span class='ocrx_word' id='word_1_153' title='bbox 588 2358 702 2455; x_wconf 52' lang='lat' dir='ltr'>qm?</span> <span class='ocrx_word' id='word_1_154' title='bbox 707 2358 893 2471; x_wconf 39' lang='lat' dir='ltr'>iiiiii?tirriplaeri⁸</span> <span class='ocrx_word' id='word_1_155' title='bbox 898 2358 1209 2471; x_wconf 49' lang='lat' dir='ltr'>dpiddwoiffmgre,</span> <span class='ocrx_word' id='word_1_156' title='bbox 1218 2356 1332 2466; x_wconf 48' lang='lat' dir='ltr'>dueum</span> 
     </span>
     <span class='ocr_line' id='line_1_22' title="bbox 225 2469 1331 2534; baseline -0.003 -13"><span class='ocrx_word' id='word_1_157' title='bbox 225 2472 290 2522; x_wconf 85' lang='lat' dir='ltr'>tione</span> <span class='ocrx_word' id='word_1_158' title='bbox 297 2473 366 2521; x_wconf 67' lang='lat' dir='ltr'>numu</span> <span class='ocrx_word' id='word_1_159' title='bbox 375 2473 557 2532; x_wconf 70' lang='lat' dir='ltr'>smsdtuntium,</span> <span class='ocrx_word' id='word_1_160' title='bbox 572 2476 614 2518; x_wconf 88' lang='lat' dir='ltr'>cut</span> <span class='ocrx_word' id='word_1_161' title='bbox 625 2471 696 2518; x_wconf 80' lang='lat' dir='ltr'>dubie</span> <span class='ocrx_word' id='word_1_162' title='bbox 706 2473 910 2534; x_wconf 67' lang='lat' dir='ltr'>remordentium:</span> <span class='ocrx_word' id='word_1_163' title='bbox 927 2487 1063 2521; x_wconf 81' lang='lat' dir='ltr'>conmmere</span> <span class='ocrx_word' id='word_1_164' title='bbox 1074 2472 1185 2519; x_wconf 80' lang='lat' dir='ltr'>immense</span> <span class='ocrx_word' id='word_1_165' title='bbox 1197 2469 1267 2518; x_wconf 82' lang='lat' dir='ltr'>turbu</span> <span class='ocrx_word' id='word_1_166' title='bbox 1277 2485 1331 2518; x_wconf 87' lang='lat' dir='ltr'>eum</span> 
     </span>
     <span class='ocr_line' id='line_1_23' title="bbox 225 2534 1331 2599; baseline -0.003 -14"><span class='ocrx_word' id='word_1_167' title='bbox 225 2537 389 2599; x_wconf 80' lang='lat' dir='ltr'>lcmpcditus:</span> <span class='ocrx_word' id='word_1_168' title='bbox 405 2544 474 2598; x_wconf 84' lang='lat' dir='ltr'>utque</span> <span class='ocrx_word' id='word_1_169' title='bbox 493 2535 534 2583; x_wconf 73' lang='lat' dir='ltr'>utri</span> <span class='ocrx_word' id='word_1_170' title='bbox 551 2537 639 2582; x_wconf 76' lang='lat' dir='ltr'>eclecm</span> <span class='ocrx_word' id='word_1_171' title='bbox 650 2549 698 2582; x_wconf 85' lang='lat' dir='ltr'>esee</span> <span class='ocrx_word' id='word_1_172' title='bbox 708 2534 879 2599; x_wconf 79' lang='lat' dir='ltr'>Agrippinam</span> <span class='ocrx_word' id='word_1_173' title='bbox 889 2535 1016 2598; x_wconf 80' lang='lat' dir='ltr'>increbuit,</span> <span class='ocrx_word' id='word_1_174' title='bbox 1033 2537 1098 2584; x_wconf 82' lang='lat' dir='ltr'>vetut</span> <span class='ocrx_word' id='word_1_175' title='bbox 1115 2536 1145 2582; x_wconf 87' lang='lat' dir='ltr'>nd</span> <span class='ocrx_word' id='word_1_176' title='bbox 1161 2535 1331 2595; x_wconf 55' lang='lat' dir='ltr'>auctarum</span> 
     </span>
     <span class='ocr_line' id='line_1_24' title="bbox 225 2598 1331 2663; baseline -0.003 -15"><span class='ocrx_word' id='word_1_177' title='bbox 225 2615 251 2648; x_wconf 85' lang='lat' dir='ltr'>ee</span> <span class='ocrx_word' id='word_1_178' title='bbox 270 2614 415 2663; x_wconf 80' lang='lat' dir='ltr'>comparare,</span> <span class='ocrx_word' id='word_1_179' title='bbox 432 2603 504 2647; x_wconf 79' lang='lat' dir='ltr'>dorwc</span> <span class='ocrx_word' id='word_1_180' title='bbox 520 2598 643 2646; x_wconf 76' lang='lat' dir='ltr'>cbetmiti</span> <span class='ocrx_word' id='word_1_181' title='bbox 661 2614 689 2646; x_wconf 85' lang='lat' dir='ltr'>ce</span> <span class='ocrx_word' id='word_1_182' title='bbox 704 2599 832 2647; x_wconf 82' lang='lat' dir='ltr'>disturbati</span> <span class='ocrx_word' id='word_1_183' title='bbox 847 2605 910 2658; x_wconf 86' lang='lat' dir='ltr'>mut,</span> <span class='ocrx_word' id='word_1_184' title='bbox 922 2601 972 2649; x_wconf 84' lang='lat' dir='ltr'>nisu</span> <span class='ocrx_word' id='word_1_185' title='bbox 983 2599 1331 2660; x_wconf 58' lang='lat' dir='ltr'>mamistanensem</span> 
     </span>
     <span class='ocr_line' id='line_1_25' title="bbox 225 2662 1331 2726; baseline -0.003 -15"><span class='ocrx_word' id='word_1_186' title='bbox 225 2672 293 2712; x_wconf 71' lang='lat' dir='ltr'>minc</span> <span class='ocrx_word' id='word_1_187' title='bbox 303 2669 327 2711; x_wconf 84' lang='lat' dir='ltr'>et</span> <span class='ocrx_word' id='word_1_188' title='bbox 336 2664 414 2710; x_wconf 81' lang='lat' dir='ltr'>rrrincs</span> <span class='ocrx_word' id='word_1_189' title='bbox 428 2664 567 2711; x_wconf 76' lang='lat' dir='ltr'>intentaret.</span> <span class='ocrx_word' id='word_1_190' title='bbox 599 2663 714 2710; x_wconf 76' lang='lat' dir='ltr'>Anicetus</span> <span class='ocrx_word' id='word_1_191' title='bbox 731 2663 812 2712; x_wconf 81' lang='lat' dir='ltr'>uillam</span> <span class='ocrx_word' id='word_1_192' title='bbox 822 2663 972 2711; x_wconf 80' lang='lat' dir='ltr'>cirmursidet</span> <span class='ocrx_word' id='word_1_193' title='bbox 989 2663 1111 2726; x_wconf 84' lang='lat' dir='ltr'>dispositis</span> <span class='ocrx_word' id='word_1_194' title='bbox 1126 2662 1204 2723; x_wconf 78' lang='lat' dir='ltr'>glebis</span> <span class='ocrx_word' id='word_1_195' title='bbox 1218 2663 1331 2724; x_wconf 81' lang='lat' dir='ltr'>militum,</span> 
     </span>
     <span class='ocr_line' id='line_1_26' title="bbox 227 2726 1331 2790; baseline -0.001 -16"><span class='ocrx_word' id='word_1_196' title='bbox 227 2726 485 2790; x_wconf 68' lang='lat' dir='ltr'>efficatispreeforibus,</span> <span class='ocrx_word' id='word_1_197' title='bbox 501 2727 926 2789; x_wconf 78' lang='lat' dir='ltr'>occurrentessernoscompreluendit,</span> <span class='ocrx_word' id='word_1_198' title='bbox 943 2729 1014 2775; x_wconf 86' lang='lat' dir='ltr'>donec</span> <span class='ocrx_word' id='word_1_199' title='bbox 1031 2729 1165 2790; x_wconf 82' lang='lat' dir='ltr'>perueniret</span> <span class='ocrx_word' id='word_1_200' title='bbox 1184 2729 1216 2774; x_wconf 80' lang='lat' dir='ltr'>ed</span> <span class='ocrx_word' id='word_1_201' title='bbox 1229 2726 1331 2786; x_wconf 80' lang='lat' dir='ltr'>januum</span> 
     </span>
     <span class='ocr_line' id='line_1_27' title="bbox 226 2789 1394 2853; baseline -0.002 -13"><span class='ocrx_word' id='word_1_202' title='bbox 226 2791 343 2840; x_wconf 74' lang='lat' dir='ltr'>cubiculi:</span> <span class='ocrx_word' id='word_1_203' title='bbox 358 2793 421 2853; x_wconf 80' lang='lat' dir='ltr'>opud</span> <span class='ocrx_word' id='word_1_204' title='bbox 437 2805 509 2852; x_wconf 75' lang='lat' dir='ltr'>qnam</span> <span class='ocrx_word' id='word_1_205' title='bbox 522 2790 593 2852; x_wconf 83' lang='lat' dir='ltr'>pcuei</span> <span class='ocrx_word' id='word_1_206' title='bbox 609 2795 780 2852; x_wconf 78' lang='lat' dir='ltr'>remanserunt,</span> <span class='ocrx_word' id='word_1_207' title='bbox 791 2791 897 2838; x_wconf 78' lang='lat' dir='ltr'>omuibus</span> <span class='ocrx_word' id='word_1_208' title='bbox 916 2791 971 2838; x_wconf 78' lang='lat' dir='ltr'>aliia</span> <span class='ocrx_word' id='word_1_209' title='bbox 988 2796 1053 2839; x_wconf 86' lang='lat' dir='ltr'>metu</span> <span class='ocrx_word' id='word_1_210' title='bbox 1066 2790 1208 2838; x_wconf 86' lang='lat' dir='ltr'>irruentium</span> <span class='ocrx_word' id='word_1_211' title='bbox 1225 2789 1334 2850; x_wconf 54' lang='lat' dir='ltr'>differtis</span> <span class='ocrx_word' id='word_1_212' title='bbox 1389 2843 1394 2851; x_wconf 37' lang='lat'><strong>¹</strong></span> 
     </span>
     <span class='ocr_line' id='line_1_28' title="bbox 225 2853 1332 2918; baseline -0.002 -14"><span class='ocrx_word' id='word_1_213' title='bbox 225 2855 386 2918; x_wconf 71' lang='lat' dir='ltr'>dilapsuquc..</span> <span class='ocrx_word' id='word_1_214' title='bbox 411 2855 522 2903; x_wconf 79' lang='lat' dir='ltr'>Cubicula</span> <span class='ocrx_word' id='word_1_215' title='bbox 533 2853 625 2902; x_wconf 76' lang='lat' dir='ltr'>modim</span> <span class='ocrx_word' id='word_1_216' title='bbox 635 2855 678 2901; x_wconf 79' lang='lat' dir='ltr'>luc</span> <span class='ocrx_word' id='word_1_217' title='bbox 688 2855 766 2902; x_wconf 78' lang='lat' dir='ltr'>inerat</span> <span class='ocrx_word' id='word_1_218' title='bbox 776 2859 799 2903; x_wconf 86' lang='lat' dir='ltr'>ct</span> <span class='ocrx_word' id='word_1_219' title='bbox 816 2867 862 2903; x_wconf 85' lang='lat' dir='ltr'>uun</span> <span class='ocrx_word' id='word_1_220' title='bbox 873 2853 1036 2914; x_wconf 69' lang='lat' dir='ltr'>scutularum:</span> <span class='ocrx_word' id='word_1_221' title='bbox 1052 2856 1130 2916; x_wconf 77' lang='lat' dir='ltr'>mugit</span> <span class='ocrx_word' id='word_1_222' title='bbox 1140 2853 1260 2916; x_wconf 79' lang='lat' dir='ltr'>magisque</span> <span class='ocrx_word' id='word_1_223' title='bbox 1277 2853 1332 2902; x_wconf 81' lang='lat' dir='ltr'>soli·</span> 
     </span>
    </p>
   </div>
   <div class='ocr_carea' id='block_1_4' title="bbox 225 3043 1333 3302">
    <p class='ocr_par' dir='ltr' id='par_1_6' title="bbox 226 3043 1273 3110">
     <span class='ocr_line' id='line_1_29' title="bbox 226 3043 1273 3110; baseline -0.003 -13"><span class='ocrx_word' id='word_1_224' title='bbox 226 3053 257 3098; x_wconf 91' lang='lat' dir='ltr'>ut</span> <span class='ocrx_word' id='word_1_225' title='bbox 267 3047 363 3110; x_wconf 76' lang='lat' dir='ltr'>legitur</span> <span class='ocrx_word' id='word_1_226' title='bbox 374 3047 400 3095; x_wconf 75' lang='lat' dir='ltr'>iu¹</span> <span class='ocrx_word' id='word_1_227' title='bbox 412 3046 463 3095; x_wconf 88' lang='lat' dir='ltr'>Ms.</span> <span class='ocrx_word' id='word_1_228' title='bbox 473 3045 552 3096; x_wconf 86' lang='lat' dir='ltr'>Corb.</span> <span class='ocrx_word' id='word_1_229' title='bbox 568 3046 744 3095; x_wconf 66' lang='lat' dir='ltr'>Brutine-1²</span> <span class='ocrx_word' id='word_1_230' title='bbox 761 3043 813 3094; x_wconf 88' lang='lat' dir='ltr'>Ms.</span> <span class='ocrx_word' id='word_1_231' title='bbox 826 3045 893 3109; x_wconf 82' lang='lat' dir='ltr'>Reg.</span> <span class='ocrx_word' id='word_1_232' title='bbox 907 3052 934 3096; x_wconf 90' lang='lat' dir='ltr'>et</span> <span class='ocrx_word' id='word_1_233' title='bbox 946 3047 1011 3096; x_wconf 88' lang='lat' dir='ltr'>editi</span> <span class='ocrx_word' id='word_1_234' title='bbox 1029 3046 1159 3110; x_wconf 86' lang='lat' dir='ltr'>princeps,</span> <span class='ocrx_word' id='word_1_235' title='bbox 1170 3047 1273 3096; x_wconf 78' lang='lat' dir='ltr'>uinculo.</span> 
     </span>
    </p>

    <p class='ocr_par' dir='ltr' id='par_1_7' title="bbox 225 3109 1333 3302">
     <span class='ocr_line' id='line_1_30' title="bbox 260 3109 1333 3168; baseline -0.003 -7"><span class='ocrx_word' id='word_1_236' title='bbox 260 3116 274 3161; x_wconf 86' lang='lat'>1</span> <span class='ocrx_word' id='word_1_237' title='bbox 291 3113 334 3160; x_wconf 89' lang='lat' dir='ltr'>Sic</span> <span class='ocrx_word' id='word_1_238' title='bbox 345 3113 484 3162; x_wconf 79' lang='lat' dir='ltr'>Rhenanus</span> <span class='ocrx_word' id='word_1_239' title='bbox 495 3119 523 3160; x_wconf 90' lang='lat' dir='ltr'>et</span> <span class='ocrx_word' id='word_1_240' title='bbox 535 3113 702 3159; x_wconf 84' lang='lat' dir='ltr'>recentiores.</span> <span class='ocrx_word' id='word_1_241' title='bbox 719 3110 752 3158; x_wconf 89' lang='lat' dir='ltr'>ln</span> <span class='ocrx_word' id='word_1_242' title='bbox 764 3109 828 3159; x_wconf 81' lang='lat' dir='ltr'>Mas.</span> <span class='ocrx_word' id='word_1_243' title='bbox 837 3111 977 3162; x_wconf 75' lang='lat' dir='ltr'>Boutsee.</span> <span class='ocrx_word' id='word_1_244' title='bbox 990 3118 1017 3160; x_wconf 87' lang='lat' dir='ltr'>et</span> <span class='ocrx_word' id='word_1_245' title='bbox 1027 3109 1182 3160; x_wconf 84' lang='lat' dir='ltr'>editionibus</span> <span class='ocrx_word' id='word_1_246' title='bbox 1191 3109 1333 3168; x_wconf 81' lang='lat' dir='ltr'>veteribus,</span> 
     </span>
     <span class='ocr_line' id='line_1_31' title="bbox 225 3173 1331 3239; baseline -0.002 -15"><span class='ocrx_word' id='word_1_247' title='bbox 225 3175 289 3224; x_wconf 73' lang='lat' dir='ltr'>eom</span> <span class='ocrx_word' id='word_1_248' title='bbox 300 3179 408 3226; x_wconf 76' lang='lat' dir='ltr'>clamore.</span> <span class='ocrx_word' id='word_1_249' title='bbox 443 3176 473 3223; x_wconf 86' lang='lat' dir='ltr'>in</span> <span class='ocrx_word' id='word_1_250' title='bbox 485 3177 549 3224; x_wconf 84' lang='lat' dir='ltr'>Mss.</span> <span class='ocrx_word' id='word_1_251' title='bbox 570 3175 645 3223; x_wconf 86' lang='lat' dir='ltr'>Hnrl.</span> <span class='ocrx_word' id='word_1_252' title='bbox 658 3174 735 3223; x_wconf 88' lang='lat' dir='ltr'>Corb.</span> <span class='ocrx_word' id='word_1_253' title='bbox 755 3173 907 3224; x_wconf 73' lang='lat' dir='ltr'>necibus—2</span> <span class='ocrx_word' id='word_1_254' title='bbox 926 3177 968 3222; x_wconf 86' lang='lat' dir='ltr'>Sic</span> <span class='ocrx_word' id='word_1_255' title='bbox 981 3175 1045 3224; x_wconf 87' lang='lat' dir='ltr'>Mss.</span> <span class='ocrx_word' id='word_1_256' title='bbox 1056 3181 1085 3223; x_wconf 87' lang='lat' dir='ltr'>et</span> <span class='ocrx_word' id='word_1_257' title='bbox 1095 3175 1176 3224; x_wconf 84' lang='lat' dir='ltr'>editio</span> <span class='ocrx_word' id='word_1_258' title='bbox 1197 3175 1331 3239; x_wconf 82' lang='lat' dir='ltr'>princeps.</span> 
     </span>
     <span class='ocr_line' id='line_1_32' title="bbox 227 3237 1167 3302; baseline 0 -12"><span class='ocrx_word' id='word_1_259' title='bbox 227 3239 398 3300; x_wconf 81' lang='lat' dir='ltr'>Puteolanus,</span> <span class='ocrx_word' id='word_1_260' title='bbox 422 3240 614 3300; x_wconf 76' lang='lat' dir='ltr'>rogantium—3</span> <span class='ocrx_word' id='word_1_261' title='bbox 632 3238 732 3298; x_wconf 75' lang='lat' dir='ltr'>Dejecti</span> <span class='ocrx_word' id='word_1_262' title='bbox 754 3237 806 3288; x_wconf 82' lang='lat' dir='ltr'>Ma.</span> <span class='ocrx_word' id='word_1_263' title='bbox 824 3237 941 3287; x_wconf 74' lang='lat' dir='ltr'>Eud-4</span> <span class='ocrx_word' id='word_1_264' title='bbox 960 3240 1066 3302; x_wconf 83' lang='lat' dir='ltr'>Otripit,</span> <span class='ocrx_word' id='word_1_265' title='bbox 1083 3239 1167 3290; x_wconf 86' lang='lat' dir='ltr'>Idem.</span> 
     </span>
    </p>
   </div>
   <div class='ocr_carea' id='block_1_5' title="bbox 729 3361 835 3418">
    <p class='ocr_par' dir='ltr' id='par_1_8' title="bbox 729 3361 835 3418">
     <span class='ocr_line' id='line_1_33' title="bbox 729 3361 835 3418; baseline -0.009 -6"><span class='ocrx_word' id='word_1_266' title='bbox 729 3361 835 3418; x_wconf 80' lang='lat' dir='ltr'><strong>NOTAE</strong></span> 
     </span>
    </p>
   </div>
   <div class='ocr_carea' id='block_1_6' title="bbox 167 3474 1340 4224">
    <p class='ocr_par' dir='ltr' id='par_1_9' title="bbox 167 3474 1333 3678">
     <span class='ocr_line' id='line_1_34' title="bbox 257 3474 1333 3539; baseline 0.003 -14"><span class='ocrx_word' id='word_1_267' title='bbox 257 3474 267 3519; x_wconf 79' lang='lat' dir='ltr'>l</span> <span class='ocrx_word' id='word_1_268' title='bbox 282 3475 321 3525; x_wconf 84' lang='lat' dir='ltr'>Hi</span> <span class='ocrx_word' id='word_1_269' title='bbox 331 3474 548 3538; x_wconf 70' lang='lat' dir='ltr'>moliunoirjectus]</span> <span class='ocrx_word' id='word_1_270' title='bbox 571 3474 667 3523; x_wconf 78' lang='lat' dir='ltr'>Deliis</span> <span class='ocrx_word' id='word_1_271' title='bbox 683 3475 757 3523; x_wconf 90' lang='lat' dir='ltr'>moli·</span> <span class='ocrx_word' id='word_1_272' title='bbox 797 3475 937 3539; x_wconf 74' lang='lat' dir='ltr'>Virgilius:</span> <span class='ocrx_word' id='word_1_273' title='bbox 956 3477 1067 3529; x_wconf 75' lang='lat' dir='ltr'>‘Qualis</span> <span class='ocrx_word' id='word_1_274' title='bbox 1083 3477 1109 3526; x_wconf 90' lang='lat' dir='ltr'>iu</span> <span class='ocrx_word' id='word_1_275' title='bbox 1122 3477 1240 3527; x_wconf 83' lang='lat' dir='ltr'>Euboico</span> <span class='ocrx_word' id='word_1_276' title='bbox 1255 3477 1333 3528; x_wconf 74' lang='lat' dir='ltr'>nuc-</span> 
     </span>
     <span class='ocr_line' id='line_1_35' title="bbox 167 3549 1333 3618; baseline 0 -15"><span class='ocrx_word' id='word_1_277' title='bbox 167 3549 171 3554; x_wconf 83' lang='grc'>’</span> <span class='ocrx_word' id='word_1_278' title='bbox 227 3552 277 3603; x_wconf 85' lang='lat' dir='ltr'>bus</span> <span class='ocrx_word' id='word_1_279' title='bbox 288 3552 321 3602; x_wconf 84' lang='lat' dir='ltr'>nd</span> <span class='ocrx_word' id='word_1_280' title='bbox 332 3552 420 3612; x_wconf 81' lang='lat' dir='ltr'>Baias,</span> <span class='ocrx_word' id='word_1_281' title='bbox 428 3551 596 3600; x_wconf 78' lang='lat' dir='ltr'>Cassiodorus</span> <span class='ocrx_word' id='word_1_282' title='bbox 604 3550 706 3600; x_wconf 79' lang='lat' dir='ltr'>Varicr.</span> <span class='ocrx_word' id='word_1_283' title='bbox 716 3565 757 3599; x_wconf 82' lang='lat' dir='ltr'>rx.</span> <span class='ocrx_word' id='word_1_284' title='bbox 798 3564 855 3598; x_wconf 87' lang='lat' dir='ltr'>rum</span> <span class='ocrx_word' id='word_1_285' title='bbox 890 3551 979 3602; x_wconf 85' lang='lat' dir='ltr'>littore</span> <span class='ocrx_word' id='word_1_286' title='bbox 1006 3553 1136 3617; x_wconf 80' lang='lat' dir='ltr'>quondum</span> <span class='ocrx_word' id='word_1_287' title='bbox 1162 3554 1248 3603; x_wconf 81' lang='lat' dir='ltr'>Snxec</span> <span class='ocrx_word' id='word_1_288' title='bbox 1275 3555 1333 3618; x_wconf 76' lang='lat' dir='ltr'>pila</span> 
     </span>
     <span class='ocr_line' id='line_1_36' title="bbox 228 3625 886 3678; baseline -0.002 -1"><span class='ocrx_word' id='word_1_289' title='bbox 228 3627 362 3678; x_wconf 75' lang='lat' dir='ltr'>‘orrentia</span> <span class='ocrx_word' id='word_1_290' title='bbox 377 3627 414 3676; x_wconf 89' lang='lat' dir='ltr'>ibi</span> <span class='ocrx_word' id='word_1_291' title='bbox 429 3627 538 3676; x_wconf 88' lang='lat' dir='ltr'>molibus</span> <span class='ocrx_word' id='word_1_292' title='bbox 551 3625 655 3674; x_wconf 86' lang='lat' dir='ltr'>termini</span> <span class='ocrx_word' id='word_1_293' title='bbox 664 3626 758 3673; x_wconf 81' lang='lat' dir='ltr'>‹lecen-</span> <span class='ocrx_word' id='word_1_294' title='bbox 798 3626 886 3676; x_wconf 70' lang='lat' dir='ltr'>cadit!</span> 
     </span>
    </p>

    <p class='ocr_par' dir='ltr' id='par_1_10' title="bbox 227 3703 1340 4224">
     <span class='ocr_line' id='line_1_37' title="bbox 227 3703 1340 3768; baseline 0.001 -15"><span class='ocrx_word' id='word_1_295' title='bbox 227 3710 269 3754; x_wconf 84' lang='lat' dir='ltr'>ter</span> <span class='ocrx_word' id='word_1_296' title='bbox 279 3703 362 3753; x_wconf 82' lang='lat' dir='ltr'>invasi</span> <span class='ocrx_word' id='word_1_297' title='bbox 372 3704 448 3752; x_wconf 82' lang='lat' dir='ltr'>suut?</span> <span class='ocrx_word' id='word_1_298' title='bbox 458 3704 562 3768; x_wconf 83' lang='lat' dir='ltr'>quentis</span> <span class='ocrx_word' id='word_1_299' title='bbox 571 3703 662 3766; x_wconf 84' lang='lat' dir='ltr'>spatiis</span> <span class='ocrx_word' id='word_1_300' title='bbox 674 3703 700 3750; x_wconf 91' lang='lat' dir='ltr'>iu</span> <span class='ocrx_word' id='word_1_301' title='bbox 710 3703 759 3750; x_wconf 86' lang='lat' dir='ltr'>ris·</span> <span class='ocrx_word' id='word_1_302' title='bbox 831 3703 974 3754; x_wconf 84' lang='lat' dir='ltr'>Ausonium</span> <span class='ocrx_word' id='word_1_303' title='bbox 990 3704 1015 3752; x_wconf 92' lang='lat' dir='ltr'>in</span> <span class='ocrx_word' id='word_1_304' title='bbox 1030 3719 1064 3754; x_wconf 84' lang='lat' dir='ltr'>en</span> <span class='ocrx_word' id='word_1_305' title='bbox 1079 3719 1108 3754; x_wconf 86' lang='lat' dir='ltr'>re</span> <span class='ocrx_word' id='word_1_306' title='bbox 1122 3705 1238 3768; x_wconf 83' lang='lat' dir='ltr'>corrigo:</span> <span class='ocrx_word' id='word_1_307' title='bbox 1258 3705 1267 3733; x_wconf 85' lang='lat'>‘</span> <span class='ocrx_word' id='word_1_308' title='bbox 1280 3705 1340 3754; x_wconf 78' lang='lat' dir='ltr'>Vel·</span> 
     </span>
     <span class='ocr_line' id='line_1_38' title="bbox 227 3775 1332 3844; baseline -0.002 -14"><span class='ocrx_word' id='word_1_309' title='bbox 227 3778 331 3830; x_wconf 81' lang='lat' dir='ltr'>ceribus</span> <span class='ocrx_word' id='word_1_310' title='bbox 342 3778 455 3844; x_wconf 70' lang='lat' dir='ltr'>equoris</span> <span class='ocrx_word' id='word_1_311' title='bbox 472 3786 544 3827; x_wconf 80' lang='lat' dir='ltr'>terra</span> <span class='ocrx_word' id='word_1_312' title='bbox 561 3785 679 3842; x_wconf 78' lang='lat' dir='ltr'>promote</span> <span class='ocrx_word' id='word_1_313' title='bbox 693 3775 758 3826; x_wconf 84' lang='lat' dir='ltr'>esti’</span> <span class='ocrx_word' id='word_1_314' title='bbox 799 3793 857 3843; x_wconf 86' lang='lat' dir='ltr'>quae</span> <span class='ocrx_word' id='word_1_315' title='bbox 871 3781 975 3829; x_wconf 79' lang='lat' dir='ltr'>Baianis</span> <span class='ocrx_word' id='word_1_316' title='bbox 987 3779 1244 3842; x_wconf 84' lang='lat' dir='ltr'>pendent&#39;flnituntiu</span> <span class='ocrx_word' id='word_1_317' title='bbox 1255 3779 1332 3842; x_wconf 69' lang='lat' dir='ltr'>ptris:</span> 
     </span>
     <span class='ocr_line' id='line_1_39' title="bbox 227 3854 1334 3920; baseline -0.002 -14"><span class='ocrx_word' id='word_1_318' title='bbox 227 3854 324 3906; x_wconf 71' lang='lat' dir='ltr'>Strabo</span> <span class='ocrx_word' id='word_1_319' title='bbox 335 3854 381 3903; x_wconf 90' lang='lat' dir='ltr'>lib.</span> <span class='ocrx_word' id='word_1_320' title='bbox 394 3864 421 3902; x_wconf 86' lang='lat' dir='ltr'>v.</span> <span class='ocrx_word' id='word_1_321' title='bbox 437 3855 528 3904; x_wconf 83' lang='lat' dir='ltr'>‘Urbs</span> <span class='ocrx_word' id='word_1_322' title='bbox 541 3869 602 3903; x_wconf 86' lang='lat' dir='ltr'>vero</span> <span class='ocrx_word' id='word_1_323' title='bbox 616 3854 760 3916; x_wconf 86' lang='lat' dir='ltr'>emporium</span> <span class='ocrx_word' id='word_1_324' title='bbox 833 3855 904 3902; x_wconf 77' lang='lat' dir='ltr'>Male</span> <span class='ocrx_word' id='word_1_325' title='bbox 916 3855 985 3903; x_wconf 84' lang='lat' dir='ltr'>enim</span> <span class='ocrx_word' id='word_1_326' title='bbox 994 3855 1128 3919; x_wconf 79' lang='lat' dir='ltr'>hactenns,</span> <span class='ocrx_word' id='word_1_327' title='bbox 1141 3857 1213 3920; x_wconf 83' lang='lat' dir='ltr'>pelis.</span> <span class='ocrx_word' id='word_1_328' title='bbox 1246 3855 1334 3904; x_wconf 59' lang='lat' dir='ltr'>Enim</span> 
     </span>
     <span class='ocr_line' id='line_1_40' title="bbox 227 3929 1333 3994; baseline 0 -14"><span class='ocrx_word' id='word_1_329' title='bbox 227 3930 366 3980; x_wconf 79' lang='lat' dir='ltr'>mximum</span> <span class='ocrx_word' id='word_1_330' title='bbox 387 3930 480 3991; x_wconf 82' lang='lat' dir='ltr'>erasit,</span> <span class='ocrx_word' id='word_1_331' title='bbox 498 3929 578 3979; x_wconf 81' lang='lat' dir='ltr'>babet</span> <span class='ocrx_word' id='word_1_332' title='bbox 592 3929 660 3978; x_wconf 86' lang='lat' dir='ltr'>cuim</span> <span class='ocrx_word' id='word_1_333' title='bbox 672 3944 760 3978; x_wconf 82' lang='lat' dir='ltr'>mann·</span> <span class='ocrx_word' id='word_1_334' title='bbox 799 3945 861 3980; x_wconf 88' lang='lat' dir='ltr'>vero</span> <span class='ocrx_word' id='word_1_335' title='bbox 871 3931 930 3992; x_wconf 85' lang='lat' dir='ltr'>pilae</span> <span class='ocrx_word' id='word_1_336' title='bbox 942 3932 993 3980; x_wconf 82' lang='lat' dir='ltr'>iltae</span> <span class='ocrx_word' id='word_1_337' title='bbox 1004 3946 1019 3980; x_wconf 90' lang='lat' dir='ltr'>e</span> <span class='ocrx_word' id='word_1_338' title='bbox 1031 3947 1104 3994; x_wconf 82' lang='lat' dir='ltr'>sexo,</span> <span class='ocrx_word' id='word_1_339' title='bbox 1114 3939 1144 3982; x_wconf 89' lang='lat' dir='ltr'>ut</span> <span class='ocrx_word' id='word_1_340' title='bbox 1154 3931 1277 3994; x_wconf 87' lang='lat' dir='ltr'>Virgilius</span> <span class='ocrx_word' id='word_1_341' title='bbox 1287 3931 1333 3980; x_wconf 74' lang='lat' dir='ltr'>irc·</span> 
     </span>
     <span class='ocr_line' id='line_1_41' title="bbox 227 4005 1332 4072; baseline 0 -15"><span class='ocrx_word' id='word_1_342' title='bbox 227 4005 314 4057; x_wconf 77' lang='lat' dir='ltr'>lectos</span> <span class='ocrx_word' id='word_1_343' title='bbox 325 4009 419 4070; x_wconf 80' lang='lat' dir='ltr'>portus</span> <span class='ocrx_word' id='word_1_344' title='bbox 429 4006 463 4056; x_wconf 89' lang='lat' dir='ltr'>ob</span> <span class='ocrx_word' id='word_1_345' title='bbox 473 4006 648 4070; x_wconf 69' lang='lat' dir='ltr'>prestantium</span> <span class='ocrx_word' id='word_1_346' title='bbox 664 4020 759 4071; x_wconf 71' lang='lat' dir='ltr'>menne.</span> <span class='ocrx_word' id='word_1_347' title='bbox 799 4005 856 4068; x_wconf 89' lang='lat' dir='ltr'>bet,</span> <span class='ocrx_word' id='word_1_348' title='bbox 874 4008 1055 4072; x_wconf 85' lang='lat' dir='ltr'>consentitque</span> <span class='ocrx_word' id='word_1_349' title='bbox 1072 4008 1152 4057; x_wconf 80' lang='lat' dir='ltr'>etism</span> <span class='ocrx_word' id='word_1_350' title='bbox 1168 4009 1276 4066; x_wconf 76' lang='lat' dir='ltr'>Seneca,</span> <span class='ocrx_word' id='word_1_351' title='bbox 1295 4009 1332 4057; x_wconf 75' lang='lat' dir='ltr'>E·</span> 
     </span>
     <span class='ocr_line' id='line_1_42' title="bbox 227 4080 1332 4149; baseline 0.003 -17"><span class='ocrx_word' id='word_1_352' title='bbox 227 4080 344 4149; x_wconf 75' lang='lat' dir='ltr'>Ideoque</span> <span class='ocrx_word' id='word_1_353' title='bbox 355 4081 528 4131; x_wconf 76' lang='lat' dir='ltr'>admiscentes</span> <span class='ocrx_word' id='word_1_354' title='bbox 542 4082 609 4132; x_wconf 85' lang='lat' dir='ltr'>cclci</span> <span class='ocrx_word' id='word_1_355' title='bbox 626 4083 759 4144; x_wconf 85' lang='lat' dir='ltr'>pulverem</span> <span class='ocrx_word' id='word_1_356' title='bbox 799 4081 860 4145; x_wconf 88' lang='lat' dir='ltr'>pist.</span> <span class='ocrx_word' id='word_1_357' title='bbox 871 4084 913 4130; x_wconf 77' lang='grc'>78.</span> <span class='ocrx_word' id='word_1_358' title='bbox 924 4083 933 4109; x_wconf 84' lang='lat'><em>‘</em></span> <span class='ocrx_word' id='word_1_359' title='bbox 946 4082 1038 4132; x_wconf 88' lang='lat' dir='ltr'>Omnis</span> <span class='ocrx_word' id='word_1_360' title='bbox 1048 4083 1076 4133; x_wconf 89' lang='lat' dir='ltr'>in</span> <span class='ocrx_word' id='word_1_361' title='bbox 1088 4083 1148 4148; x_wconf 82' lang='lat' dir='ltr'>pilis</span> <span class='ocrx_word' id='word_1_362' title='bbox 1160 4083 1332 4135; x_wconf 68' lang='lat' dir='ltr'>Punctum</span> 
     </span>
     <span class='ocr_line' id='line_1_43' title="bbox 228 4156 1025 4224; baseline 0 -16"><span class='ocrx_word' id='word_1_363' title='bbox 228 4159 383 4224; x_wconf 60' lang='lat' dir='ltr'>cremelte</span> <span class='ocrx_word' id='word_1_364' title='bbox 392 4157 534 4223; x_wconf 84' lang='lat' dir='ltr'>projiciunt</span> <span class='ocrx_word' id='word_1_365' title='bbox 543 4158 624 4208; x_wconf 83' lang='lat' dir='ltr'>moles</span> <span class='ocrx_word' id='word_1_366' title='bbox 635 4158 663 4207; x_wconf 88' lang='lat' dir='ltr'>ln</span> <span class='ocrx_word' id='word_1_367' title='bbox 671 4161 760 4208; x_wconf 61' lang='lat' dir='ltr'>nnec?</span> <span class='ocrx_word' id='word_1_368' title='bbox 800 4156 1025 4208; x_wconf 77' lang='lat' dir='ltr'>turbccomietic’</span> 
     </span>
    </p>
   </div>
   <div class='ocr_carea' id='block_1_7' title="bbox 0 0 1500 4850">
    <p class='ocr_par' dir='ltr' id='par_1_11' title="bbox 0 0 1500 4850">
     <span class='ocr_line' id='line_1_44' title="bbox 0 0 1500 4850; baseline 0 0"><span class='ocrx_word' id='word_1_369' title='bbox 0 0 1500 4850; x_wconf 95' lang='lat' dir='ltr'> </span> 
     </span>
    </p>
   </div>
  </div>
 </body>
</html>
