2984 4850
146 360 282 425 ncne]
308 364 312 372 ·
491 342 697 407 suusnruu
720 356 795 403 mn.
815 354 901 403 xiv.
1157 336 1251 409 m

146 518 287 565 cenem
302 498 442 582 periculi
456 498 547 574 iecit,
563 501 684 563 ceteris
693 500 855 563 libertatis
866 498 997 565 initium
1010 517 1078 564 non
1091 498 1247 582 prebuit.

146 600 307 682 Prodigia
333 619 466 683 qnoque
501 600 617 663 crebre
645 606 680 663 et
708 600 813 665 irrita*
840 602 1072 665 intercessere:
1109 618 1250 689 unguem

145 700 247 763 enixa
260 700 397 763 mulier:
419 705 453 762 et
476 699 544 761 ndo
556 700 593 761 in
611 701 789 764 concubitu
804 701 915 763 mariti
929 700 1062 763 fulmine
1077 700 1254 763 exanfue-
1334 734 1344 743 ·

144 798 200 864 to:
217 802 293 882 jam
306 800 358 863 sol
370 804 504 881 repente
517 797 741 875 obscuratus,b
763 806 798 863 et
817 807 918 865 tsetoe
934 800 975 863 de
989 798 1077 863 orsio
1090 803 1247 879 quatuor·

144 899 251 964 decim
280 902 373 963 nrbis
400 901 577 980 regiones:
607 918 685 981 quse
703 898 792 963 odeo
815 902 887 963 sine
900 918 979 963 cura
994 898 1102 961 Deum
1117 899 1247 963 evenis·

143 1000 247 1080 burt:
259 1008 300 1065 nt
313 1001 438 1065 multos
452 1006 533 1084 post
546 1018 651 1064 annos
666 999 759 1088 Nero
775 1001 947 1083 imperium
961 1009 994 1064 et
1015 1000 1142 1063 scelere
1166 1018 1246 1064 con-

140 1138 430 1208 q'rroeierirecorrssenrret',
449 1150 500 1194 terr
514 1146 604 1194 eurio
614 1148 738 1204 ductent,-
757 1152 781 1196 et
791 1162 832 1195 suo
841 1147 973 1195 discrimini
985 1148 1126 1198 moerim
1134 1146 1247 1211 prebuit,

141 1224 184 1259 trec
192 1210 398 1284 subruentem
407 1210 599 1265 cumensem.
634 1211 736 1260 interiet
744 1212 818 1287 etiqrrr
829 1227 923 1261 coenem
935 1215 1008 1287 mutto
1019 1218 1042 1261 et
1051 1212 1133 1261 inertie
1144 1216 1246 1286 ostentu.

141 1402 243 1450 merua
259 1403 384 1451 :rernm
397 1402 573 1464 metm,
587 1407 616 1450 rrt
636 1403 719 1451 reeitir
733 1403 837 1466 pruna
854 1405 933 1465 cenis,
955 1405 1020 1453 Nero
1030 1403 1210 1453 domimum
1220 1404 1244 1452 ei

604 1505 781 1533 nue‘ounee

140 1584 179 1633 Es
187 1599 250 1634 vero
260 1586 343 1646 lecte,
350 1586 464 1635 surrexit
474 1585 545 1651 prius
556 1599 636 1651 quem
653 1588 718 1635 itum
735 1595 805 1645 esset
814 1588 839 1636 iu
855 1588 995 1638 sententiar
1008 1604 1027 1648 ;.
1038 1587 1163 1653 exiitque,
1173 1584 1243 1653 qnod

139 1662 179 1710 es,
190 1664 248 1712 quse
261 1650 354 1709 vellet,
366 1650 452 1699 dicere
463 1664 514 1698 non
525 1659 629 1715 posset:
649 1666 706 1715 quae
726 1663 812 1701 sutem
826 1660 920 1715 posset,
940 1666 991 1700 non
1002 1652 1098 1701 vellet!
1131 1652 1243 1717 Ipseque

138 1712 244 1763 Tscitru
266 1712 364 1763 Annei.
385 1727 443 1765 xus.
461 1718 501 1765 21.
523 1716 592 1765 inter
611 1716 732 1765 Thraseae
753 1716 859 1765 crimine
880 1724 1009 1779 recenset,
1036 1715 1126 1781 ‘quod
1150 1721 1243 1767 renutu

637 1835 746 1885 Nom

137 1928 243 1993 moieno
261 1932 340 1994 ioco:
366 1947 450 1998 neque
471 1940 545 1983 certe
569 1932 671 1981 focinus
710 1930 783 1980 fecte
802 1930 971 1995 nuntiataque
991 1933 1060 1990 snut,
1074 1933 1104 1980 nt
1115 1927 1244 1979 exclame-

138 2007 249 2056 Neronis
260 2008 363 2057 laudari
372 2009 465 2071 potnit,
476 2015 521 2057 snt
531 2006 671 2071 approbari
711 2009 789 2069 verit,
800 2010 889 2058 Feriet
893 2011 947 2073 jem
958 2024 1034 2073 quem
1043 2007 1135 2058 volet!

137 2082 163 2131 in
173 2092 276 2148 senatu,
285 2083 335 2133 nisi
346 2099 394 2149 per
409 2100 533 2134 summum
545 2084 637 2133 scetus.
742 2083 755 2117 ¹²
770 2084 812 2133 Sol
821 2090 916 2149 repente
925 2076 1072 2147 omrem]
1088 2084 1129 2133 De
1137 2097 1189 2149 quo
1199 2082 1244 2133 de·

166 2166 177 2191 ²
192 2161 269 2209 Exiit
281 2165 332 2209 terr
342 2159 437 2222 unctu]
453 2161 537 2211 Recte
548 2159 610 2207 exiit
618 2163 670 2207 tuus
709 2159 790 2223 iiquio
808 2161 846 2211 sic
866 2161 936 2210 Plin.
948 2175 993 2210 111.
1003 2166 1045 2211 60.
1061 2161 1146 2210 ‘Solis
1155 2160 1242 2210 defec-

134 2237 223 2283 erne
250 2234 314 2284 Hoc
323 2235 391 2283 enim
402 2235 457 2283 solo
473 2234 521 2282 eibi
532 2234 669 2282 discrimen
709 2243 773 2297 tum,
794 2235 918 2299 vtpnnio
939 2242 967 2285 et
988 2237 1106 2298 Fonteio,
1124 2237 1244 2286 consulet

136 2310 238 2371 peperit
247 2324 359 2372 maguus
369 2311 414 2360 ilie
424 2308 474 2372 vir,
490 2310 559 2373 qnod
577 2315 669 2358 senatu
708 2312 754 2376 qni
771 2311 845 2361 suere
863 2318 924 2360 ente
936 2326 1032 2375 paucos
1043 2310 1241 2373 ennns‚t⁴ectnm

135 2394 254 2445 egressus
272 2389 324 2447 est,
339 2397 398 2434 cunr
418 2376 452 2433 de
468 2382 612 2448 Agrippina
629 2397 669 2432 re·
706 2387 791 2452 pridie
812 2387 923 2439 Kalend.
945 2388 1041 2450 Mnisr,
1069 2387 1125 2453 (ciii
1149 2388 1241 2452 legeret,

134 2456 257 2509 ierretnr.
281 2459 446 2524 xiphilinus:
458 2456 669 2508 ‘Patiundum-
708 2464 846 2516 undecimo
858 2463 970 2513 Kelend.
982 2460 1089 2526 Maian)
1100 2462 1243 2525 Campanis

134 2546 177 2582 sen
188 2535 283 2584 Paetns
297 2535 370 2584 venit
388 2535 491 2599 quidem
503 2535 669 2595 incenatum,
707 2539 771 2587 hors
781 2539 834 2587 diei
850 2539 920 2587 inter
939 2538 1073 2600 septimam
1084 2543 1114 2586 et
1122 2542 1241 2586 ocmrem

134 2615 160 2658 et
168 2610 272 2660 sndirit
284 2611 434 2674 epistolem:
457 2624 508 2673 qne
520 2611 631 2658 recitate
641 2609 668 2657 in
708 2613 799 2662 sensit.
831 2612 944 2662 Corbulo
955 2613 1024 2661 inter
1035 2612 1123 2661 horem
1137 2611 1189 2660 diei
1199 2609 1243 2659 de·

133 2694 234 2750 renutu,
253 2687 369 2736 surrexit
395 2686 493 2747 rtatim,
518 2686 669 2750 prinsquam
708 2687 801 2737 cimam
812 2694 839 2737 et
848 2687 1019 2749 undecimam,
1028 2686 1241 2750 prodiditritnm,

133 2761 228 2827 eiiqnid
239 2761 440 2823 decerneretur,
451 2767 478 2810 st
489 2760 572 2809 exivit
583 2776 590 2820 3
608 2760 669 2824 quia
708 2763 818 2814 circuitu
838 2761 909 2828 giobi
927 2764 978 2812 slis
993 2763 1049 2814 eliis
1059 2762 1199 2824 detegente
1210 2767 1241 2812 et

132 2835 218 2887 dicere
230 2851 286 2887 non
308 2842 412 2900 poteret
424 2850 482 2900 ane
493 2836 586 2896 vellet:
609 2850 667 2900 qum
708 2839 875 2889 occultante!

132 2917 193 2960 vero
204 2917 306 2976 posset,
317 2910 437 2976 proferre
448 2909 549 2960 noluit'
739 2913 811 2963 Poto
829 2913 856 2961 id
873 2913 1013 2976 scripserat
1024 2912 1137 2962 Corbulo
1148 2912 1175 2960 in
1186 2911 1239 2962 suis

161 2987 198 3037 Et
216 2986 308 3036 'l'aeit
327 2999 386 3036 xrr.
405 2986 474 3035 hunc
490 2986 576 3035 locum
587 2985 669 3048 respi·
707 2989 913 3049 commentariis:
929 2995 957 3037 et
968 2987 1034 3037 vidit
1041 2989 1105 3036 hane
1113 2986 1239 3036 deiectio·

130 3061 216 3112 ciens:
244 3061 336 3112 ‘otim
355 3061 471 3126 utrisque
492 3058 618 3123 infensus,
640 3067 668 3110 et
707 3078 767 3113 nern
786 3063 1037 3114 solirinArmenie:
1060 3065 1239 3123 tumpraeersi

131 3136 668 3201 secedenibuscsuririn'l'hrssesm,quod
707 3137 776 3188 bello
787 3138 911 3187 aduersus
930 3138 1070 3188 Tiridatem
1082 3143 1110 3184 et
1120 3135 1239 3188 Parthos.

131 3223 224 3266 renutu
234 3229 355 3280 egressus
366 3220 417 3279 est,
432 3228 492 3264 cnm
500 3214 536 3263 de
546 3213 667 3277 Agrippi·
738 3216 815 3266 cutm
825 3231 882 3265 eure
891 3217 970 3264 Deum
979 3213 1240 3276 muneremur-

129 3291 326 3354 nsret'erretnr,
337 3289 535 3361 ntmemornri!
561 3289 666 3352 Lipsius
703 3290 767 3356 ρίζει
775 3296 804 3340 et
813 3292 856 3341 hic
868 3296 897 3340 et
907 3290 967 3340 alibi
976 3297 1073 3340 noster.
1090 3291 1195 3355 Lipsius

160 3368 282 3431 ΠΜ]
304 3367 429 3430 Prodigia
440 3366 485 3415 ilis
499 3365 665 3431 irritantque
737 3366 797 3416 Siue
809 3381 865 3415 σανα
879 3365 968 3430 Deum]
984 3367 1027 3416 Sic
1044 3367 1114 3428 alibi,
1131 3373 1237 3418 murdre

129 3439 225 3506 inertie,
238 3440 300 3506 quis
310 3440 404 3490 nuliius
414 3441 489 3490 bone
505 3440 544 3489 rei
560 3447 665 3491 ostentu
703 3445 1064 3510 commemorasse.
1082 3447 1238 3510 erumpere,

129 3523 213 3567 erent.
255 3517 317 3567 Non
326 3517 394 3565 enim
406 3517 516 3580 exitum,
526 3531 577 3565 nou
585 3516 663 3566 tinem
704 3519 770 3570 dicit
791 3525 891 3569 tanturn
904 3528 933 3570 nt
943 3527 1035 3570 auctor
1046 3536 1140 3583 rerum,
1158 3528 1186 3572 et
1202 3537 1236 3574 ex

129 3596 255 3644 mulorum
281 3592 472 3643 ostendebant:
501 3593 570 3657 qnod
598 3593 664 3644 dicit
702 3595 775 3659 vulgi
796 3596 924 3646 sententie
936 3611 967 3645 ec
978 3611 1090 3657 rumore,
1106 3605 1136 3648 nt
1152 3598 1237 3659 tolet:

127 3669 275 3720 tecitw
287 3669 354 3720 Qnae
366 3668 432 3717 sdeo
441 3670 496 3719 sine
505 3684 568 3718 curs
576 3670 663 3718 Deum
703 3673 794 3735 vulgus
814 3673 891 3733 eninr,
911 3686 969 3736 quse
989 3681 1048 3722 runt
1065 3681 1173 3738 nstnrae,
1190 3679 1237 3724 ent
1270 3697 1275 3702 ·

128 3745 599 3809 eveniebantutmuttospostennos
611 3748 663 3796 Ne·
701 3745 818 3809 fortuite,
845 3747 992 3797 ooelertibns
1014 3749 1137 3810 imputat,
1157 3755 1186 3799 et
1207 3748 1235 3798 in

129 3835 157 3870 ro
176 3823 317 3887 imperinm
335 3829 365 3872 et
383 3826 483 3874 scelere
497 3825 664 3875 continuere·
702 3822 847 3885 prodigium
870 3823 957 3885 trehit,
983 3837 1135 3888 semperque
1161 3824 1234 3874 Deos

129 3897 181 3946 rit!
702 3900 744 3947 vei
753 3898 884 3962 adjutores
894 3899 934 3948 vel
944 3900 1039 3947 ultores
1056 3900 1167 3948 invocat.

159 3972 268 4022 Talibus
292 3971 419 4036 prodigiis
440 3979 526 4023 temen
542 3974 662 4023 exterriti
734 3975 825 4024 Potius
843 3975 959 4024 stolennr
982 3974 1150 4039 profiteretur
1160 3972 1233 4022 Teri-

128 4047 173 4097 elii
183 4048 360 4109 dominantes,
371 4048 414 4112 qni
425 4063 452 4097 ee
463 4064 556 4098 eruore
566 4050 661 4098 civium
703 4057 753 4112 tue,
762 4049 804 4114 qui
819 4049 920 4098 totusiu
930 4047 1233 4109 lsn‹tesseuecre,'1'hre·

128 4123 284 4184 ponderent
293 4124 401 4172 Sneton.
410 4125 660 4176 lt.del)omitirno:
701 4139 762 4185 reae,
779 4123 906 4187 Helvidii,
916 4131 944 4173 et
956 4123 1075 4172 similium
1088 4121 1231 4172 incumbit:

127 4197 283 4248 ‘thnrinuis
291 4201 354 4248 octo
367 4199 498 4250 member
509 4205 550 4250 tot
559 4198 665 4263 strigme-
701 4199 838 4251 Portienm
849 4199 935 4264 potior
945 4203 1071 4262 sectetur,
1083 4209 1159 4264 quum
1168 4196 1234 4262 Epi·
