2984 4850
213 372 303 445 2076
331 416 335 423 -
573 394 607 443 o.
628 367 810 443 coaunnn
832 392 961 443 rietur
993 455 998 471 .
1156 397 1323 466 [sumo.

212 537 361 615 meritus,
384 536 510 620 ingenti
525 540 676 623 corporis
690 542 827 605 robore4
843 556 1074 622 annorumque
1087 540 1235 619 scientia,
1248 560 1324 609 me·

212 642 283 703 turn
297 637 421 703 Neroni
434 638 572 718 lecerat,
584 660 625 705 ne
634 638 820 705 invaderetb
832 640 992 723 pavidum
1004 660 1133 723 semper
1144 647 1177 705 et
1189 646 1321 724 repertu

213 758 317 821 nuper
339 740 566 825 conjuratione
588 743 695 823 magis
709 742 909 807 exterritum.
954 741 1059 822 Igitur
1072 739 1241 820 Centurio,
1262 742 1324 807 nbi

213 839 334 922 effugia
347 840 438 906 villae
453 842 584 919 clausit,
603 842 703 926 jussa
718 841 954 924 Imperatoris⁵
970 840 1105 906 Ostorio
1120 844 1237 923 aperit.
1282 840 1337 906 Is‘

213 940 439 1006 fortitudinem
454 942 631 1009 adversum
650 944 766 1007 hostes
787 962 882 1025 saepe
905 949 1088 1025 spectatam
1108 945 1144 1005 in
1159 964 1196 1006 se
1210 943 1320 1007 vertit.

214 1040 268 1121 Et,
285 1044 379 1127 *quia
405 1062 514 1121 venue,
543 1062 730 1128 quanquam
759 1044 962 1127 interruptae,
1002 1064 1121 1126 parum
1149 1044 1319 1125 sanguinis

213 1142 434 1221 effindebant,
456 1144 631 1210 haetenus⁰
645 1164 746 1209 manu
767 1144 855 1207 servi
869 1163 960 1221 usus,
983 1151 1020 1209 ut
1033 1144 1207 1209 immotum
1221 1144 1321 1241 pugi-

214 1261 310 1309 onem
324 1246 506 1323 extolleret,
521 1246 686 1328 oppressit
699 1245 853 1309 dextram
867 1246 939 1330 ejus
950 1245 1134 1331 juguloque
1147 1248 1299 1309 occurrit

243 1345 312 1409 io.
334 1345 445 1410 Etiam
453 1347 483 1410 si
494 1347 582 1413 bella
593 1352 730 1413 externa
739 1352 773 1412 et
784 1348 894 1411 obitas
904 1366 965 1429 pro
975 1346 1168 1428 Republica
1175 1342 1323 1411 mortes‘¹

214 1449 305 1511 tantu
326 1464 466 1511 casuum
486 1446 700 1513 similitudine
721 1466 956 1528 memorarem
978 1467 1095 1533 meque
1118 1448 1251 1529 ipsnm⁹
1263 1465 1321 1510 sa·

214 1618 306 1681 tm,
323 1634 410 1681 magau
428 1620 452 1670 ri
468 1621 582 1684 corporis,
607 1626 631 1671 et
650 1622 752 1673 »iuuet
761 1624 842 1685 sessa,
859 1623 1016 1682 semidisem
1026 1622 1119 1670 Neroni
1136 1622 1275 1680 insumant,
1292 1632 1322 1667 se

213 1689 336 1746 occuparet
346 1684 465 1747 trepidum
474 1700 574 1747 semper,
583 1690 606 1734 et
617 1692 701 1748 apertu
711 1701 792 1735 reeens
801 1686 961 1746 warmuse
975 1687 1054 1747 magis
1062 1684 1229 1747 perturbatam
1240 1699 1268 1731 ue
1276 1698 1322 1745 pu·

214 1746 303 1797 eidam.
333 1749 418 1809 ltaque
427 1749 543 1808 maturis,
557 1754 683 1811 postquam
699 1753 780 1799 exiles
795 1751 859 1799 oilla
875 1752 960 1813 sepsit,
977 1752 1089 1798 musdotu
1096 1748 1212 1810 priumpis
1225 1748 1322 1795 Ostorio

215 1812 321 1873 exposit.
332 1827 336 1830 ·
355 1812 401 1861 Ille
411 1812 525 1861 simulem
535 1814 646 1861 udum
654 1814 732 1861 hostes
742 1829 803 1875 sepe
814 1818 937 1875 ιεψεηαω
947 1814 1057 1863 insemel
1064 1814 1188 1861 moerim.
1222 1812 1257 1858 Et
1264 1810 1324 1871 qui«

213 1890 289 1936 mse,
303 1876 410 1937 mauris
417 1876 545 1936 luerem,
554 1891 638 1939 purum
646 1877 773 1939 messinis
781 1877 929 1939 emittebant,
939 1879 970 1925 sl
979 1878 1022 1925 ime
1032 1879 1107 1925 selum
1116 1875 1249 1924 mamerto
1258 1874 1323 1922 servi

215 1953 278 2049 prus,
288 1940 420 2003 risimus
431 1944 455 1992 et
465 1940 606 1993 tumtum
615 1941 725 2002 gladium
735 1942 864 2003 attolieret,
879 1943 988 1991 admorsi
998 1955 1092 1989 nasum
1102 1940 1178 2002 illiso,
1189 1938 1323 1999 cognituri

228 2016 340 2053 erruma
386 2003 411 2051 t.

245 2005 496 2117 Etumiinscrtterem
507 2066 567 2116 teila
577 2073 676 2117 extemis
694 2073 718 2117 et
733 2070 847 2118 tolerotus
864 2083 908 2131 pro
918 2067 1012 2132 llepab.
1030 2072 1127 2131 mones,
1147 2072 1235 2115 tamen
1251 2069 1322 2115 tutte

679 2187 767 2207 uem
782 2188 855 2207 eun

214 2248 344 2313 meiat.
360 2250 518 2301 Rutila—l
534 2252 566 2301 In
587 2252 652 2301 Mes.
673 2253 749 2303 Harl.
770 2252 848 2301 Bodl.
867 2252 921 2303 ies.
941 2253 1034 2314 ingesti
1051 2265 1147 2315 empore
1161 2254 1323 2313 mque

214 2314 321 2367 etatis
353 2314 385 2363 In
399 2316 538 2370 MuBodl.
549 2317 632 2365 altera
642 2330 719 2369 mauu
731 2317 908 2376 emendatum,
925 2319 1090 2379 arpesia-tt
1105 2316 1149 2365 Sic
1161 2315 1228 2367 beue
1239 2314 1323 2364 Bero-

214 2378 297 2429 aldus.
330 2377 472 2444 suffragari
490 2380 594 2430 videtur
610 2380 661 2431 Ms.
679 2380 757 2434 eoru.
776 2381 840 2434 uiuit
859 2382 928 2431 euim
948 2380 1084 2431 mactarit
1104 2378 1255 2429 Corbinelli.
1287 2378 1321 2428 ln

214 2441 280 2490 Mss.
292 2443 357 2504 Reg.
369 2445 436 2493 Flor.
446 2451 474 2494 et
485 2444 600 2496 editione
612 2445 804 2510 principejem
814 2448 840 2492 is
849 2461 874 2506 p.
886 2445 1011 2508 scripturn
1023 2459 1084 2494 sane
1097 2458 1145 2507 pro
1156 2445 1212 2505 imp.
1224 2444 1266 2492 vei
1278 2443 1321 2490 im·

212 2507 337 2568 pernimia.
369 2508 434 2556 Mss.
448 2507 523 2557 Harl.
535 2508 590 2560 Jes.
600 2509 669 2568 jussu
679 2509 733 2558 inde
743 2515 804 2572 post.
832 2509 889 2562 Mu.
902 2509 979 2562 Bodl.
991 2518 1020 2558 ut
1032 2516 1061 2557 et
1070 2508 1241 2565 Puteolanus,
1252 2506 1321 2566 jussu

214 2569 269 2618 isle
282 2571 385 2620 Ostorio.
420 2571 452 2620 In
472 2572 586 2634 margine
606 2573 657 2622 Ms.
675 2573 752 2622 Bodl.
765 2572 892 2637 additum,
909 2578 971 2638 post.
1002 2572 1055 2623 Me.
1065 2571 1136 2622 Bud.
1148 2571 1217 2632 ⁸inem
1227 2573 1320 2636 irupost.

211 2632 415 2696 uffiAgrrjm
427 2636 460 2684 P·
474 2635 576 2685 odorio·
609 2636 724 2688 Bi'Otief·
1282 2661 1286 2667 “

712 2766 824 2821 NOTAE

246 2865 402 2934 lineatus]
417 2869 662 2933 Vertnnt,ueiputm
672 2867 748 2920 iater-
786 2872 936 2936 lemmduse,
951 2874 1061 2936 immune,
1079 2872 1163 2935 iugens
1173 2867 1324 2936 debellarit²

206 2941 303 3008 ficeret,
314 2946 373 3008 qula
385 2945 462 2994 animi
473 2946 582 3008 validus,
598 2952 626 2995 et
637 2959 748 3010 corpore
787 2963 818 2998 ac
828 2951 979 3012 prostrauit.

213 3020 302 3081 ingens
320 3020 446 3072 Ostorius.
491 3021 542 3070 Sed
562 3036 613 3070 non
632 3035 748 3084 personae
819 3023 981 3090 ‘Hcetmuq
995 3025 1106 3074 'rantum
1117 3019 1321 3071 manoserriad

213 3100 260 3144 aut
270 3096 373 3158 corpori
384 3102 483 3146 tantum
496 3111 542 3146 sno
552 3098 639 3147 timuit
650 3099 731 3147 Nero·
788 3101 838 3150 hoc
848 3115 911 3150 usus
921 3109 971 3162 est,
987 3105 1017 3148 ut
1028 3112 1117 3148 servus
1126 3099 1262 3145 immotum
1274 3108 1323 3157 pu·

246 3170 316 3218 Nam
336 3185 423 3234 snpra,
442 3171 621 3234 conjuratione
640 3173 750 3222 exterri-
789 3177 892 3240 ιςίοιιειιι
911 3181 1021 3236 teneret,
1037 3175 1249 3235 sustineretque:
1266 3171 1323 3234 ipse

214 3249 264 3306 tus,
287 3245 373 3294 omnin
394 3248 534 3296 metuebat.
581 3247 689 3310 Timuit,
715 3263 749 3298 ne
789 3251 909 3301 Ostorius
922 3265 1024 3299 manum
1036 3249 1115 3308 servi,
1130 3249 1323 3311 pugionemqne

214 3319 335 3370 Ostorius
350 3323 433 3370 multa
451 3321 520 3371 fama
539 3323 653 3386 militari,
672 3339 749 3372 occu·
789 3327 866 3375 simul
879 3326 973 3390 jugulo
992 3338 1038 3372 suo
1050 3323 1163 3371 admovit
1181 3321 1324 3384 apprestit-

212 3398 289 3458 puret
300 3394 452 3458 Imperium,
470 3413 503 3446 ne
515 3399 547 3446 ad
559 3398 682 3461 legiones,
694 3400 749 3464 qui-
789 3414 856 3465 que3
873 3398 951 3460 forte,
962 3407 992 3446 ut
1003 3398 1099 3460 largius
1108 3402 1226 3445 manaret
1237 3409 1325 3456 cruor,

214 3471 261 3520 bus
272 3479 348 3534 pater
364 3473 546 3538 imperaverat,
564 3490 594 3524 se
609 3475 750 3540 eonlemet,
788 3491 933 3542 magnoque
942 3475 1026 3523 animo
1037 3473 1190 3532 emittendo,
1200 3483 1323 3534 magnum

213 3548 330 3612 atquem
343 3555 432 3611 partes
445 3553 570 3601 alliceret.
788 3554 881 3602 vuinus
896 3551 1063 3614 panderetur.
1319 3557 1324 3580 ²

245 3625 280 3674 Et
297 3625 333 3673 sie
352 3625 487 3676 indefinite
505 3627 677 3690 intelligenda
692 3627 745 3689 illa,
820 3625 953 3687 entorses]
978 3624 1048 3673 Ptin.
1072 3634 1104 3672 rt.
1126 3627 1152 3672 tl.
1179 3623 1323 3686 ‘Minore
1355 3653 1360 3658 ·

212 3714 242 3752 ue
257 3699 378 3750 invaderet
391 3700 513 3768 pauidum,
530 3709 558 3752 et
575 3703 607 3750 de
620 3703 746 3766 principe,
788 3701 891 3751 humani
910 3700 1006 3764 ingenii
1024 3706 1109 3763 peste,
1125 3699 1277 3762 sangninem
1294 3707 1324 3748 et

211 3780 240 3825 et
258 3775 291 3824 de
309 3775 466 3838 principatu.
500 3778 534 3825 Et
553 3785 626 3826 certe
641 3779 746 3827 vincere
789 3779 875 3828 eudes
896 3776 1008 3824 condere
1028 3773 1171 3824 Annalibus
1184 3775 1272 3836 juvat,
1293 3781 1323 3823 nt

212 3851 309 3916 potuit,
328 3851 442 3916 qrrisquis
461 3853 558 3915 primus
576 3853 685 3904 auderet
702 3855 746 3902 ad·
789 3855 888 3904 scelera
909 3853 1041 3904 hominnm
1065 3857 1207 3898 noscuntur
1233 3849 1322 3898 mnndi

211 3938 300 3976 versus
316 3927 455 3987 Neronem,
474 3933 503 3976 ut
525 3937 616 3998 postea
635 3931 746 3980 innotuit
789 3926 996 3994 ipsissimam?
1318 3918 1325 3924 ’

211 4001 245 4052 de
255 4003 376 4065 Vindice,
393 4005 437 4068 qui
450 4005 475 4052 iu
492 4004 572 4053 decus
584 4005 677 4054 Galliae
691 4019 748 4054 uos·
819 4013 831 4039 ⁸
847 4006 934 4067 Meque
942 3999 1032 4066 ipsum]
1043 4001 1086 4050 »Et
1096 4001 1118 4049 si
1131 4001 1201 4048 bella
1212 4006 1323 4049 externa

183 4091 185 4096 ·
212 4084 426 4141 traenatuu‚urrus
436 4093 550 4128 asserere
560 4081 585 4128 in
597 4080 747 4130 libertatem
787 4094 967 4143 memorarent,
988 4086 1075 4127 tamen
1091 4077 1262 4126 similitudine
1278 4091 1323 4126 es·

212 4153 359 4202 universnm
379 4156 468 4204 orbem
489 4171 564 4206 ausus
584 4164 641 4216 est;
667 4163 695 4206 et
713 4164 745 4206 ut
785 4152 1147 4226 snum,etrneipsumsstias
1158 4158 1277 4215 caperet,
1293 4161 1323 4202 et

211 4227 278 4280 atter
306 4227 435 4280 Hercules
462 4231 589 4298 Gallicus,
615 4237 746 4283 monstrum
785 4235 886 4285 &oram
903 4231 1003 4282 telles
1024 4233 1182 4294 moen,
1202 4241 1321 4280 aremen-
