2984 4850
131 376 272 441 tutu]
481 371 688 422 suusuruu
709 374 786 423 urs.
802 375 884 425 nrv.
1148 360 1235 429 tum

134 515 200 579 bus
222 513 340 597 aliqua
363 511 528 597 pangendi
549 512 703 580 facultas.
750 514 916 581 Necdum
936 516 1088 599 insignis¹
1104 517 1235 585 etatis*

134 701 1235 794 daemtemenoetetesoctiersut‚ssderesistsl‚etmriursorrrrrctrreqrrrtinrrlmrutirt'e,

606 873 769 895 nanuum

162 970 178 1013 1
196 965 230 1013 In
242 964 309 1013 Mss.
321 970 350 1013 et
360 961 432 1013 libris
444 964 533 1025 editis,
543 966 623 1028 oliqtto
638 968 757 1030 pungendi
769 966 888 1027 facultas:
904 982 947 1015 trec
963 966 1019 1015 dum
1036 966 1137 1027 {metris
1155 968 1235 1017 ntulit

131 1030 194 1090 rusti,
204 1029 324 1078 Μαι
332 1030 412 1090 simul,
428 1034 451 1077 et
462 1031 547 1078 mutos
556 1029 632 1094 (Mos.
645 1031 714 1080 Flor.
728 1029 951 1095 negatumque
965 1030 1052 1080 ibidem
1067 1037 1172 1094 repertos
1183 1047 1233 1081 uer·-

131 1099 325 1143 mmmm.
360 1094 427 1142 linc
443 1102 567 1156 corrupto
586 1109 642 1143 esse
659 1110 735 1144 nemo
754 1096 895 1145 nouvidet.
938 1096 1095 1144 Medicinam
1111 1096 1234 1149 adhibere

132 1161 269 1207 tentarunt
286 1157 390 1220 Lipsius
401 1162 429 1206 et
443 1159 571 1207 Muretus.
604 1159 647 1206 Sic
666 1160 770 1222 quidem
788 1160 900 1223 Lipsius,
918 1158 1001 1223 quibus
1017 1162 1097 1221 utiquo
1113 1162 1235 1223 pungendi

126 1220 233 1281 fornitus
248 1223 358 1270 necdum
372 1221 483 1283 insigms.
517 1222 955 1288 Rodmotimcrrrsidercsimul,lrc.
991 1224 1235 1287 iugeniosiusvero,

133 1285 179 1335 sed
206 1283 340 1350 aliquanto
368 1286 492 1337 audacius
511 1286 642 1348 Muretus,
654 1288 757 1339 variar.
775 1288 890 1338 Lection.
908 1300 953 1337 xv.
973 1290 1013 1337 ll.
1048 1288 1139 1342 Quibus
1156 1286 1235 1351 aliqud

128 1350 250 1413 pangendi
260 1348 376 1411 facultas,
386 1364 428 1399 ner
437 1352 493 1399 dtmt
504 1351 607 1411 trtstgtts's
618 1356 680 1400 erut:
697 1352 717 1403 ll
732 1352 940 1411 munerarium,
950 1356 973 1401 et
984 1356 1051 1400 notos
1061 1352 1147 1400 ibidem
1157 1366 1236 1413 omme

131 1418 276 1474 metere,
286 1418 357 1476 utque
366 1414 442 1477 ipsius
451 1415 530 1477 vnto,
540 1417 581 1478 lu.
615 1417 699 1466 Quom
711 1418 738 1465 in
751 1417 819 1465 notis
836 1416 958 1479 proposui
970 1416 1186 1479 emendationem,
1196 1428 1235 1466 ea

131 1478 193 1526 mibi
205 1478 239 1526 sd
249 1484 367 1527 veterem
383 1479 549 1542 scripturam,
560 1480 644 1529 Taciti
655 1494 686 1529 ac
698 1480 813 1530 Neronis
829 1490 952 1542 mentem,
969 1480 1187 1530 accommodatior
1196 1482 1234 1529 vi·

131 1541 218 1591 detur.
253 1543 332 1591 Forte
350 1549 439 1592 tamen
458 1544 594 1607 scriptum,
611 1548 682 1593 oetcte
696 1546 761 1607 port.
793 1546 901 1594 Frustra
919 1545 1069 1594 Pichenae
1092 1546 1144 1593 Ms.
1164 1545 1233 1595 Flos.

131 1606 264 1667 tentabat,
274 1607 365 1655 obtutus
375 1621 424 1671 pro
434 1608 527 1657 allatos
558 1608 602 1657 Sic
615 1608 736 1671 Ruperti,
749 1608 827 1657 verba
842 1624 884 1657 tter
902 1612 958 1658 dum
975 1609 1077 1671 insignis
1091 1609 1172 1658 oetotts
1181 1610 1235 1658 uoti

129 1669 334 1783 ffirmptissima,
348 1684 398 1720 nco
409 1672 463 1721 ulia
473 1672 619 1721 emendatio
635 1673 697 1721 satis
716 1672 781 1721 facit
793 1673 905 1747 uirorum
922 1673 1067 1734 doctorum,
1082 1674 1126 1735 qui
1146 1687 1234 1750 omnes

131 1749 242 1862 uirili
255 1741 362 1873 titt
375 1735 1048 1863 ttrttlllttttttil·'tittttt‘ttttt
1069 1736 1233 1864 libili}

128 1861 238 1925 insignis
255 1869 352 1924 potrus,
367 1876 443 1925 quam
459 1863 554 1923 tenuis,
566 1862 680 1911 cernulus
694 1864 814 1926 pungendi
826 1862 932 1923 furuum
942 1870 1027 1912 esset:
1045 1864 1134 1912 iturum
1147 1871 1234 1913 tumea

129 1940 213 1989 opera
225 1926 377 1990 junctioque
390 1926 482 1975 studiis
497 1926 574 1989 ipsius
590 1927 669 1987 uerbo,
685 1942 773 1990 quoquo
789 1930 857 1975 modo
871 1928 965 1991 ptuluto
976 1934 1003 1975 et
1015 1934 1172 1989 commenta,
1182 1941 1234 1982 uon

128 1990 168 2041 ita
176 1990 286 2053 suppleri
296 1997 406 2052 potuere
416 1997 445 2040 et
456 1990 598 2051 emendari,
613 1999 641 2039 ut
653 1992 753 2054 pulchri
772 1991 831 2040 iude
848 1998 1032 2042 enascerentur
1043 2006 1132 2040 versus
1148 2006 1234 2067 aequs·

129 2053 269 2119 biliterque
274 2053 385 2117 firmes.
420 2054 513 2119 ltaque
526 2055 664 2117 legendum
675 2062 750 2117 putot
769 2055 821 2104 Nec
830 2059 908 2105 tomen
917 2056 1021 2117 iusignia
1032 2060 1084 2104 orte
1094 2050 1233 2169 (carmina)

129 2120 164 2168 tir
173 2124 243 2181 noto,
252 2120 295 2167 vel
314 2118 414 2181 potius:
443 2120 493 2168 Ner
512 2124 590 2167 tumen
599 2119 702 2181 insignis
709 2118 787 2179 fretus
797 2120 859 2169 ortis
869 2120 932 2169 truti:
951 2120 1070 2169 mnsidere
1080 2120 1150 2169 strnul
1160 2124 1184 2169 et
1200 2136 1234 2169 o·

128 2184 190 2259 latos
208 2198 298 2232 secum
316 2182 434 2248 domique
453 2188 513 2245 post
530 2190 675 2232 extremum
694 2183 833 2233 meditatos
853 2197 1029 2261 congressum,
1044 2185 1081 2232 orl
1098 2184 1194 2247 didon,
1205 2183 1233 2233 in

128 2261 202 2361 tit*
215 2252 1233 2376 btttttlt‘ttstttttttttttttt‘tttltitttttmtttt:

130 2389 207 2440 quem
218 2390 305 2441 neque
314 2374 427 2438 lipsius,
440 2381 485 2425 aut
496 2377 627 2438 Muretus,
645 2391 729 2441 neque
739 2378 768 2428 J.
780 2378 810 2428 F.
822 2376 904 2426 Gron.
916 2376 1041 2427 tentando
1053 2378 1232 2428 restituerunt.

126 2440 155 2489 Si
174 2442 249 2504 iegss
258 2440 402 2502 nobiscum,
417 2443 518 2489 semum*
530 2441 637 2502 insignio
652 2446 705 2490 orte
719 2443 798 2490 emoti
814 2441 1072 2504 consideremusque.
1085 2441 1234 2512 etcogites,

126 2504 248 2554 Taciturn
259 2505 285 2552 lt.
296 2505 314 2554 l.
325 2503 473 2553 describere
484 2504 557 2554 ludos
570 2505 696 2568 poeticos,
716 2520 780 2569 quos
797 2519 856 2553 cum
872 2504 1001 2553 sodalibus
1021 2503 1084 2552 fecit
1102 2503 1183 2564 Nero,
1202 2511 1232 2553 ut

129 2569 208 2618 allato
216 2583 294 2617 versu
302 2568 432 2630 reperiret
443 2568 507 2616 alius
518 2583 587 2630 euro,
596 2569 639 2632 qui
650 2569 687 2618 illi
698 2573 908 2631 connecteretur,
915 2574 979 2618 cett.
991 2568 1074 2617 omniu
1085 2569 1146 2616 satis
1155 2569 1232 2629 pisus

128 2640 198 2682 sunt.
224 2633 254 2681 st
265 2633 334 2682 inter
344 2638 384 2680 tot
395 2633 562 2695 peritissimos
573 2633 688 2682 medicos
697 2639 725 2682 et
735 2629 797 2681 mibi
804 2633 895 2681 liceret
906 2633 1117 2696 qualemcumque
1128 2631 1233 2681 medici·

127 2709 188 2746 naut
206 2696 268 2746 buic
285 2697 477 2758 cumuptissimo
494 2696 551 2746 loeo
570 2697 703 2759 adbibere,
717 2697 756 2747 sic
767 2697 896 2761 legerem:
914 2696 1041 2746 contructis
1054 2695 1137 2759 quibus
1152 2695 1233 2759 otique

122 2760 800 2825 meedismttes,rtscdssttssignisustsotissots.,
824 2759 1233 2824 Lerishicmutstioest,etduc·

128 2827 167 2876 tut
182 2826 319 2876 literarum
330 2825 534 2876 accommodata.
565 2826 674 2876 Brutisr.
917 2869 920 2876 .

575 3040 582 3046 ,
629 2978 736 3030 uorn

126 3113 212 3161 sures,
222 3097 462 3163 Luscirumjuvsni
470 3113 529 3149 cum
538 3097 588 3148 tibi
597 3097 660 3148 lusit
698 3096 815 3149 dubitari
837 3097 929 3162 possit.
961 3097 1002 3145 Ex
1019 3109 1051 3144 eo
1068 3093 1137 3160 quod
1157 3097 1230 3147 Nero

127 3173 207 3238 opus!
236 3174 344 3238 nepotes
698 3173 869 3238 pugillaribus
887 3169 1047 3234 inscripserit
1064 3171 1233 3236 aliquosver·

159 3250 299 3301 caminum
324 3265 412 3314 quoque
437 3247 553 3312 modion]
586 3249 659 3299 Nero
698 3262 750 3311 sus,
765 3253 902 3316 qonrecte
918 3245 1240 3299 inferreuidetttrSuetok'

124 3325 289 3377 fonsbonus
301 3327 390 3389 poeta,
409 3332 438 3375 ut
454 3333 483 3375 ct
503 3325 585 3375 bonus
599 3338 659 3375 can·
698 3324 765 3385 nius,
784 3325 913 3376 Neronem
925 3323 933 3350 ‘
943 3323 1056 3371 cannino
1071 3323 1183 3374 libenter
1200 3337 1231 3375 ac

125 3410 176 3453 tur.
196 3403 262 3466 Ejus
275 3403 404 3465 politicam
414 3407 503 3451 tuetur
509 3401 660 3462 Suetonius,
699 3399 755 3449 siue
766 3395 856 3450 lubere
867 3399 1057 3462 composuisse!

125 3479 193 3544 qnia,
208 3479 305 3542 iuquit,
315 3482 322 3506 ⁴
333 3491 428 3527 venere
439 3477 466 3524 in
482 3491 573 3525 mortus
589 3491 660 3526 meas
733 3475 790 3525 Nec
802 3475 990 3535 dicitTacitus,
1004 3477 1135 3524 Neronem
1147 3473 1231 3526 aliena

124 3553 266 3619 pugillares
282 3552 414 3617 libellique
431 3565 489 3600 curn
501 3551 659 3615 'quibusdam
699 3558 801 3602 tantum
820 3552 934 3600 carmina
954 3551 1079 3600 edidisse:
1099 3553 1144 3600 sed
1165 3553 1232 3604 dicit

124 3627 265 3677 notissimis
272 3627 480 3692 versibm,ipsius
487 3625 658 3689 chirographo
699 3629 813 3676 carmine
824 3628 909 3676 aliena
920 3627 972 3675 suis
982 3629 1232 3692 snuexrrisse,tnise·

125 3704 248 3766 seriptis;
276 3709 305 3750 ut
331 3702 409 3750 facile
435 3707 586 3764 appareret,
607 3714 659 3750 noa
698 3705 772 3769 rique
784 3705 879 3754 sutoris
890 3705 971 3753 instar
982 3705 1099 3752 assuisse.

126 3778 277 3837 translatos,
288 3785 333 3825 aut
342 3776 459 3825 dictante
470 3775 555 3839 aliquo
566 3789 658 3838 excep·
730 3777 812 3830 *Ner
833 3783 889 3829 dum
908 3779 1010 3841 inriguis
1028 3779 1119 3844 elutis]
1151 3781 1231 3831 Forte

125 3859 174 3918 tos,
190 3854 237 3903 sed
255 3854 332 3915 pisne
349 3851 423 3915 quasi
434 3865 450 3900 n
460 3851 604 3914 cogitante,
619 3858 658 3899 at·
698 3856 749 3920 leg.
760 3855 843 3918 quibus
852 3857 929 3918 utiquo
938 3855 1057 3918 pangendi
1062 3853 1178 3916 socultus,
1189 3869 1232 3904 tter

124 3944 175 3993 que
186 3935 332 3993 generante
344 3926 485 3976 exaratos?
697 3933 754 3980 darm
768 3931 879 3993 irrst'g'rtit.
915 3929 938 3978 ll
957 3931 1092 3978 alternatim
1114 3929 1232 3978 considers

156 4007 237 4054 Certe
248 4018 300 4052 uon
319 4017 455 4064 negamus,
472 4003 601 4052 Neronem
612 4018 658 4067 po-
696 4007 775 4056 titrtrrl.
789 4005 1096 4062 M.AntoniusMuretus‚
1104 4004 1145 4052 cui
1152 4004 1232 4066 scrip-

125 4078 206 4129 tuisse
236 4086 328 4128 texere
360 4077 446 4140 aliqua
473 4081 587 4127 carmine
612 4092 658 4128 suo
697 4087 740 4131 tor
749 4081 791 4132 hic
808 4089 896 4131 noster
915 4081 940 4128 in
960 4080 1089 4129 amoribus
1101 4079 1141 4143 (et
1156 4077 1230 4142 juro)

125 4160 216 4218 marte,
231 4153 279 4204 sed
295 4169 329 4202 sn
346 4152 460 4216 ingenio,
474 4167 507 4202 un
523 4154 658 4216 instinctu,
698 4158 822 4223 corrigit:
840 4157 922 4220 quibus
931 4155 1009 4219 aliquo
1020 4153 1140 4217 pungendi
1149 4152 1232 4214 forul-

126 4243 160 4280 sa
173 4229 274 4296 impetu
289 4235 396 4279 naturas
413 4233 536 4290 generata
550 4227 658 4293 ineunt,
697 4235 745 4298 tus,
756 4231 1043 4294 serumserum.
1076 4229 1230 4279 limertders
