2984 4850
149 416 177 468 J.
190 414 221 469 c.
232 412 288 477 m]
517 406 721 457 suasurum
746 408 819 456 nra.
843 405 923 457 xrr.
1163 390 1251 456 2049

150 574 173 617 a
184 548 423 618 narratoribus⁸
439 551 716 631 oratoribusque¹¹1
735 552 911 634 praecipua
923 549 1061 613 materia
1074 548 1110 612 in
1122 549 1257 625 laudem

152 653 321 734 Principis
344 655 499 715 assumta
524 657 594 715 est:
619 655 710 715 ‘non
737 652 825 714 enim
844 658 968 715 tantum
993 651 1110 713 solitas
1131 650 1253 729 fruges,

150 772 213 817 nec
227 754 373 837 metallis
386 752 563 815 confusum
584 770 700 835 aurum
722 753 822 833 gigni,
837 751 898 814 sed
909 770 999 814 nova
1012 751 1161 813 ubertate
1175 768 1252 831 pro·

150 854 264 919 venire
277 858 410 917 terram⁹
420 861 434 887 ¹²
450 857 483 915 et
496 852 613 915 obvias
627 872 712 934 opes
726 852 852 917 deferre
867 853 960 917 Deos
973 851 991 911 τ’
1020 871 1160 945 quaeque
1172 852 1252 927 alia,

151 974 282 1019 summa
295 955 452 1019 facundia
466 972 527 1017 uec
542 955 666 1018 minore
690 953 888 1033 adulatione,
904 955 1064 1019 servilia¹⁰
1077 953 1251 1035 fingebant,

151 1057 260 1119 securi
276 1055 317 1119 de
331 1056 491 1121 facilitate
506 1055 681 1120 credentis.

167 1148 173 1162 '
193 1158 226 1220 3.
249 1156 423 1222 Gliscebat
435 1158 566 1220 interim
574 1158 710 1220 luxuria
724 1176 786 1239 spe
797 1157 897 1234 inani,
913 1157 1254 1237 consumebanturque

148 1263 277 1363 veteres
300 1277 394 1341 opes,
419 1259 517 1343 quasi
541 1258 673 1335 oblatis,
689 1276 774 1341 quas
799 1258 920 1322 multos
939 1266 1010 1341 per¹
1025 1256 1264 1340 annosprodi··

153 1453 237 1509 batum·
253 1460 401 1517 oratoresque
419 1455 482 1504 illud
492 1461 622 1521 tanquam
638 1455 784 1518 pracipam
799 1460 963 1516 armantes
975 1454 1002 1501 ia
1013 1456 1083 1502 deam
1096 1453 1198 1501 Gestaris
1207 1452 1253 1501 sibi

151 1520 276 1579 delegere:
301 1520 397 1583 quippe
415 1534 465 1567 nou
477 1525 577 1568 tuntum
588 1528 673 1567 suetas
682 1533 779 1567 messes
787 1519 919 1581 prmeatre,
929 1533 978 1566 uec
986 1518 1159 1566 mlummodoin
1173 1524 1252 1577 terrae

152 1582 298 1631 visceribus
310 1583 372 1631 rude
384 1596 414 1632 ac
423 1582 533 1631 informe
542 1597 630 1632 aurum
642 1583 720 1645 gigni,
731 1582 777 1631 sed
789 1596 855 1630 nova
866 1580 1032 1630 t‘oecuuditate
1042 1581 1171 1628 abundare
1182 1594 1253 1641 arva,

152 1653 180 1695 et
191 1645 282 1695 faciles
293 1653 458 1710 promtasque
469 1660 532 1708 opes
543 1649 615 1695 Deos
627 1648 746 1709 elargiri3
772 1651 795 1695 et
805 1650 883 1694 edera
892 1645 1037 1708 hujusmodi
1048 1660 1100 1706 quc
1109 1658 1196 1705 magau
1207 1645 1253 1692 rto·

150 1710 257 1773 quentia,
268 1725 310 1759 rrec
319 1711 405 1759 minori
415 1710 571 1759 assentatione
581 1710 757 1772 excogitabant,
766 1710 841 1758 «aad
848 1711 877 1758 de
887 1710 1027 1758 credulitate
1038 1708 1148 1756 Neronia.

186 1774 281 1822 Interea
291 1774 408 1823 marcebat
424 1776 495 1823 taxas
511 1789 572 1823 uuae
590 1788 639 1837 spe,
650 1780 675 1823 et
693 1774 872 1822 absraaeborrtsr
882 1774 984 1836 emique
995 1787 1057 1837 opes,
1068 1774 1131 1820 velut
1140 1769 1254 1833 ecbibitis

152 1838 236 1899 noris,
247 1854 304 1901 qaas
318 1853 362 1901 per
372 1839 457 1888 maltos
475 1852 548 1887 uanos
558 1838 630 1888 Nero
640 1836 801 1902 profunderet.
837 1837 903 1892 Quia
912 1842 937 1887 et
952 1837 1007 1886 inde
1018 1836 1071 1895 jera
1089 1834 1190 1884 donabat
1195 1850 1205 1892 r
1228 1842 1254 1886 et

615 1979 629 1997 1
632 1978 660 1997 u
663 1977 793 1999 cunone

89 2118 95 2129 .
154 2076 232 2127 Corb.
252 2078 317 2141 Reg.
329 2078 413 2127 tulere.
446 2062 617 2142 At'corrupte
636 2077 662 2125 in
681 2078 763 2141 iis,ut
780 2077 808 2125 in
825 2077 920 2126 ceteris
931 2077 997 2125 Mss.
1006 2076 1253 2139 prodeattspropns·

154 2144 245 2203 dentes,
256 2142 325 2205 quod
338 2141 424 2191 forsan
440 2148 498 2191 erat
510 2142 615 2204 antique
633 2142 758 2217 scriptum
766 2144 899 2205 prudentis,
909 2143 950 2190 vel
958 2141 1104 2204 prudesteis.
1138 2139 1254 2188 ln-Mss.

152 2206 228 2254 Harl.
235 2206 311 2255 Bodl.
318 2206 335 2257 J
338 2221 375 2253 es.
380 2207 519 2268 taierotpro
528 2206 608 2254 rrum.
618 2204 666 2267 [Et
673 2219 711 2253 src
720 2205 1017 2267 Ryckias.]Brotier.—8
1025 2205 1057 2253 ln
1065 2204 1190 2253 MsFlor.
1197 2218 1255 2252 uuo·

150 2269 270 2317 rumano
281 2269 464 2331 auratoque.
478 2270 541 2317 Mas.
550 2269 636 2317 Vatic.
649 2269 724 2317 Harl.
736 2268 812 2317 Bodl.
826 2270 882 2319 Jes.
891 2268 979 2317 Guelf.
991 2268 1070 2317 corb.
1078 2268 1108 2316 ab
1117 2268 1254 2316 oratoribus

153 2332 337 2395 oratoribusque.
354 2334 406 2381 Ma.
415 2332 479 2395 Agr.
487 2333 516 2381 ab
526 2331 657 2381 auctoribus
664 2331 853 2394 oratoribusque:
863 2332 918 2392 sed,
926 2338 1033 2395 utsaepe
1040 2332 1254 2390 monuimus‚uou

153 2410 187 2444 ex
195 2397 326 2446 veteribus
333 2396 417 2456 libris,
424 2396 469 2446 sed
477 2412 509 2445 ex
516 2396 564 2445 viri
571 2395 831 2459 eruditicoujectura.
842 2396 1059 2446 ludeGronovios
1064 2394 1218 2447 emendabat
1223 2394 1254 2444 ub

152 2460 280 2509 actoribus.
314 2461 408 2512 Melius
417 2461 553 2523 veriusque
562 2461 673 2522 Lipsiae,
683 2475 698 2508 a
708 2459 807 2509 cutibus.
833 2460 915 2508 Vates
927 2461 994 2507 enim
1004 2466 1033 2508 et
1043 2467 1158 2508 oratores
1168 2459 1254 2509 innoc

151 2524 253 2574 ludicro
265 2524 409 2573 certabant.
440 2524 578 2572 Suetonius
590 2525 615 2571 in
629 2524 692 2572 Ner.
701 2537 755 2572 ιιι.
771 2525 885 2572 oratiam
894 2524 1134 2586 camisiaquelaotisi
1144 2537 1254 2573 mroaora

151 2593 289 2663 memorat.
306 2587 412 2661 Bmtier.
436 2586 563 2663 tontibus
573 2588 674 2662 recepit
686 2586 829 2636 Brotierus.
844 2588 919 2636 Pieli.
931 2588 1034 2646 volebat
1045 2588 1075 2636 ub
1084 2587 1255 2664 Malmombas,

151 2650 675 2778 trininitas}retabi:
687 2651 815 2777 {fiscii}
827 2652 1255 2778 titt:.tt‘.lfnti.t·tt.t

153 2781 251 2840 tiones,
270 2779 473 2827 narratiuncula
494 2794 536 2842 sp.
549 2777 640 2829 Quint.
651 2792 682 2826 11.
691 2782 716 2829 4.
732 2792 753 2827 1.
765 2783 790 2827 9.
807 2779 866 2828 Etsi
882 2781 932 2828 hoe
950 2781 1071 2829 nonsatis
1082 2781 1205 2841 arrideat,
1215 2793 1254 2828 re-
1316 2837 1320 2844 Ι

152 2840 307 2906 cipiendum
316 2847 390 2906 puto,
406 2843 501 2905 qnippe
536 2842 587 2891 uod
603 2843 720 2906 proxime
735 2841 770 2890 ad
780 2843 849 2892 Flor.
860 2844 998 2893 lectionem
1018 2844 1254 2893 aceedit.0ber1irt.

152 2906 303 2956 Gronovius
314 2906 392 2955 habet
402 2906 431 2954 ab
444 2908 519 2955 odori
574 2909 641 2956 orat:
664 2907 779 2970 Ryekius
796 2908 957 2957 solummodo
969 2909 1199 2970 oratoribusque-9
1210 2907 1255 2955 Ita

153 2967 219 3020 Mas.
238 2971 309 3019 Flor.
328 2971 394 3032 Reg.
415 2968 488 3019 Harl.
508 2971 586 3020 Bcdl.
605 2970 684 3021 corb.
702 2969 792 3020 Guelf.
809 2970 891 3019 editio
907 2972 1029 3032 princeps
1044 2979 1072 3019 et
1090 2970 1254 3019 recentiores.

154 3033 313 3083 Puteolanus
333 3033 490 3096 emendavit,
508 3038 597 3090 terrear
614 3035 761 3094 Rhenanus,
775 3038 856 3090 terrae
872 3034 985 3095 Lipsius,
995 3039 1088 3091 terrm
1104 3034 1176 3082 etsie
1187 3033 1254 3081 Gro-

154 3095 245 3157 novius
256 3103 283 3145 et
292 3096 480 3158 nyctim-ro
497 3097 621 3146 Ernestus
632 3104 746 3160 veretur,
756 3111 790 3145 ne
800 3097 897 3156 ingestu
906 3097 1042 3146 exciderit.

189 3164 202 3220 Ι1
221 3161 273 3210 Ma.
284 3160 363 3210 Corb.
369 3175 415 3224 per
425 3162 566 3212 multoe-2
582 3161 699 3210 Promissa·
712 3175 793 3226 speras
802 3161 897 3211 absunt
906 3175 922 3209 a
931 3161 996 3214 Ma.
1010 3159 1078 3226 Reg.
1089 3159 1152 3224 Agr.
1159 3166 1190 3211 et
1201 3158 1254 3228 edi.

645 3281 756 3334 NOTAE

151 3393 210 3444 dies
231 3394 358 3445 celebrari
380 3395 479 3446 debuit.
507 3396 580 3446 Nam
597 3395 680 3447 infra:
700 3410 706 3418 ·
723 3397 844 3448 historias
856 3403 902 3448 ant
920 3399 1036 3449 carmina
1046 3397 1191 3449 recitabant
1201 3398 1253 3462 ipsi

150 3471 279 3522 ‘Senatus
290 3472 434 3536 propinquo
445 3473 500 3535 jam
515 3472 617 3521 lustrali
626 3486 683 3522 eer-
724 3479 857 3524 auctores:
885 3475 927 3524 vel
945 3473 1012 3524 forte
1026 3475 1116 3542 eadem
1128 3489 1178 3524 vox
1191 3476 1254 3525 Oro·

151 3547 274 3597 tamine?
312 3548 372 3611 quia
400 3547 515 3596 instabat
544 3549 684 3611 certamen,
721 3548 813 3598 toribus
831 3549 871 3598 bis
891 3549 990 3600 intrusa
1006 3557 1047 3600 est
1063 3563 1200 3614 perperam
1219 3549 1253 3600 ab

153 3623 281 3672 Oratores
291 3622 426 3672 materiam
436 3623 502 3671 banc
518 3623 683 3686 arripuerunt
725 3624 939 3675 exscribentibus.

151 3698 178 3748 iu
192 3698 294 3747 laudern
304 3699 437 3762 principis.
647 3733 649 3740 ·
754 3707 769 3734 ¹¹
784 3701 914 3750 Prooeuire
930 3698 1031 3765 renen]
1059 3699 1129 3750 Noua
1146 3699 1253 3749 metue

185 3780 204 3809 ¹
222 3774 375 3836 Οταέοήὺω]
391 3775 479 3822 Vatia.
495 3771 534 3822 Ab
544 3775 684 3837 maturitas,
719 3773 949 3839 praestructuram,
960 3781 1000 3823 est
1015 3789 1083 3824 novo
1101 3786 1195 3838 genere
1205 3770 1253 3822 fre.-

150 3847 344 3910 sratoribusqser
371 3849 440 3898 uude
456 3848 560 3912 Lipsius
577 3847 684 3912 refinge-
722 3852 831 3900 tusesse
841 3843 987 3899 facundam
999 3856 1027 3899 et
1037 3849 1159 3899 fertilem.

150 3921 208 3981 bat,
219 3922 354 3972 rhetoribus
373 3923 607 3986 matombrupuarel
624 3924 684 3972 vati·
754 3927 798 3976 Sic
820 3926 931 3975 Plautus
951 3926 979 3975 in
999 3926 1156 3975 Truculento
1177 3937 1209 3990 ,¹¹-
1224 3927 1251 3976 4.

150 3998 194 4046 bus
204 3999 386 4061 maioribusque.
403 4001 473 4048 Flor.
489 3999 576 4062 babet,
588 4013 621 4048 aa
631 4015 685 4048 oro·
714 3999 731 4042 st
745 4003 861 4067 Cumque
871 4003 938 4052 bene
949 4001 1091 4066 provenisti
1100 4000 1180 4070 salus,
1191 4013 1253 4062 gau·

150 4073 251 4134 toribus,
262 4073 446 4138 oratoribusque.
464 4075 541 4126 Unde
559 4075 684 4140 Piebeua,
723 4075 799 4126 deor*
823 4076 859 4127 Et
869 4075 961 4126 eadem
975 4075 1062 4125 fabula
1073 4088 1105 4123 rr.
1116 4079 1141 4123 6.
1166 4074 1252 4128 ‘Cum

148 4149 324 4211 Mutius,
334 4150 514 4213 amoribusque.
612 4187 615 4192 -
723 4153 997 4218 turocteproveuisti‚
1010 4163 1159 4221 cumquees
1175 4155 1254 4215 ancta

152 4257 156 4265 .
185 4225 256 4276 Num
267 4222 337 4273 forte
350 4224 533 4279 mamma
554 4241 614 4278 uam
625 4239 684 4278 snas
722 4227 822 4295 liberis,
837 4227 971 4293 gratulor?
989 4225 1129 4295 Getam

216 4290 486 4373 cameracae.
667 4306 745 4368 carr.
1128 4305 1187 4370 oo
