2984 4850
184 318 321 382 ades]
348 353 351 360 .
490 279 491 282 ¹
521 315 730 406 anuinium
755 319 831 368 urs.
854 319 937 370 xrs.
1172 361 1176 364 .
1204 310 1291 380 1347

172 459 296 550 =Italiee
311 458 514 543 Galliaequeb
528 463 650 542 gravis,
662 467 851 546 postquam¹
865 462 1038 528 Oceanum
1052 468 1291 548 transmiserat,

184 561 350 626 militibus
364 580 498 644 quoque
512 563 635 625 nostris
662 565 813 629 terribilis
836 566 1012 631 incederet.
1055 567 1122 630 Sed
1137 569 1288 634 hostibus

184 663 383 738 irrisuisuit,
399 663 488 744 apud
501 653 608 745 quos,
633 665 791 756 flagrante
807 669 906 731 etiam
930 674 1001 732 tum
1021 670 1187 747 libertate,
1209 691 1291 733 non-

185 765 265 830 dum
280 764 415 846 cognita
428 763 631 828 libertorum²
644 767 795 856 potentia
804 774 892 832 erat:
909 760 1185 853 mirabanturque,
1201 773 1292 856 quod

184 865 269 930 Dux
287 871 320 928 et
339 865 516 942 exercitus
532 867 615 930 tanti
638 867 716 932 belli
740 867 920 945 confector,
943 871 1085 933 servitiis
1109 872 1289 938 obedirent.

184 965 318 1033 Cuncta
341 973 452 1032 tanuen
477 967 520 1030 ad
545 965 784 1050 Imperatorem
807 971 842 1038 in
865 971 1000 1039 mollius
1015 971 1157 1036 relatar⁰
1179 965 1291 1037 deten'·

183 1069 334 1152 iusque³d
349 1071 447 1132 rebus
462 1069 611 1152 gerendis
627 1070 818 1148 Suetonius
835 1073 925 1155 quod
937 1077 1032 1154 post4
1041 1093 1169 1159 paneas
1181 1094 1287 1140 naves

183 1169 217 1232 iu
239 1169 361 1236 littoree
384 1171 621 1261 remigiumque
645 1157 680 1234 in
705 1173 748 1234 iis
772 1174 937 1250 amiserat,
952 1177 1114 1255 tauquam
1138 1174 1288 1240 duranto

182 1333 278 1394 troierit
289 1336 417 1395 Oeeomrm,
429 1333 560 1397 legionibus
571 1335 643 1384 etium
654 1337 741 1384 uostris
756 1338 892 1387 ›sebrmdus
901 1337 1073 1398 ingrederetur.
1106 1338 1154 1387 Sed
1163 1337 1289 1389 Britannis

181 1399 284 1448 ludibrio
289 1399 351 1461 suit,
362 1401 423 1462 opud
433 1415 490 1462 quos
507 1401 580 1448 etium
590 1404 640 1448 tum
650 1402 700 1448 ueri
710 1401 828 1464 libertate,
838 1405 939 1450 uosdum
947 1408 1002 1450 uota
1013 1408 1066 1450 eret
1074 1403 1205 1451 auotoritas
1216 1404 1287 1452 liber·

182 1468 274 1512 torum
289 1466 467 1526 stupebantque,
478 1465 539 1526 quod
547 1465 640 1524 tegetur
655 1471 679 1512 et
691 1466 819 1525 exereitus,
835 1468 876 1528 qui
886 1471 981 1514 tostum
991 1467 1075 1514 betium
1084 1468 1284 1532 prptigunisseut,

180 1528 305 1591 mancipiis
320 1528 508 1591 obsequerentur.
542 1529 872 1593 Orssistumenpriueipiia
889 1531 1203 1580 mettiusremmtiutsstmt.
1237 1532 1286 1584 Re·

180 1596 302 1659 tortusque
312 1592 590 1648 reinersdmiuistrondis
606 1592 749 1652 Suetouim3
766 1601 793 1642 et
802 1597 858 1658 puta
863 1601 945 1658 postes
955 1596 1067 1645 anunm
1078 1596 1168 1659 sliquos
1178 1611 1249 1646 usses
1258 1599 1286 1648 iu

649 1705 678 1725 Ν
679 1705 827 1726 ΙΙΙΙΙΙΙΙΙ
827 1723 829 1725 .

213 1791 227 1835 1
237 1785 352 1835 Budens.
361 1791 569 1850 posteaquem—2
586 1788 618 1835 In
630 1788 693 1837 Mes.
702 1787 928 1845 Hurl.Bodl..1es.
941 1789 1009 1836 Bud.
1020 1787 1108 1836 Guelt'.
1118 1799 1145 1837 et
1157 1788 1284 1839 editiones

141 1874 145 1884 ·
181 1858 293 1912 veteres,
312 1851 481 1900 libertinorum.
523 1851 618 1899 Melius
640 1851 808 1912 recentiores,
832 1851 977 1901 libertorum.
1003 1852 1165 1900 Erotion-3
1192 1854 1285 1903 Totum

179 1915 247 1964 hune
258 1916 344 1963 locum
353 1917 444 1964 mirum
456 1916 482 1964 in
494 1915 597 1971 modum
609 1921 713 1976 vexant,
724 1915 794 1978 quod
805 1915 843 1962 its
853 1915 1050 1978 interpuuguut
1063 1921 1147 1964 cuneta
1163 1921 1242 1964 tomes
1252 1919 1285 1966 ud

179 1980 350 2042 Imperatorem
365 1980 391 2027 io
408 1980 584 2028 metiusrelato.
617 1980 781 2042 Detentusque
792 1978 861 2027 rebus
881 1981 997 2038 gerundis
1015 1980 1150 2041 Suetonius,
1160 1982 1221 2042 quod
1230 1986 1284 2043 post

176 2059 265 2107 porrus
276 2057 354 2100 nunes,
363 2047 403 2106 tte.
431 2043 497 2093 Inde
509 2043 623 2098 Faernus
634 2057 680 2106 pro
691 2045 808 2104 detentus,
819 2043 982 2104 emendabat,
991 2045 1102 2104 minoium,
1114 2045 1182 2107 quod
1193 2058 1286 2107 appro-

178 2109 226 2160 bat
243 2109 282 2158 Cl.
299 2109 434 2166 Ernestus.
468 2107 616 2156 Gronovius
628 2121 674 2170 pro
687 2113 740 2171 post
760 2107 863 2156 volebat
879 2114 1009 2169 postquam.
1043 2108 1123 2157 Forte
1135 2123 1167 2157 ex
1181 2108 1244 2157 Mes.
1257 2115 1285 2157 et

178 2173 311 2221 veteribus
323 2172 480 2220 editionibus
492 2172 582 2220 melius
593 2172 835 2234 interpungeretur:
848 2179 932 2220 euactn
942 2174 973 2219 rut
985 2172 1152 2233 Imperatorem
1163 2173 1188 2220 iu
1199 2174 1282 2237 metius

178 2237 254 2294 reluta
260 2253 270 2294 ,·
277 2237 427 2298 detentumque
438 2236 507 2284 rebus
512 2236 626 2297 gerundis
637 2235 771 2286 Suetonius.
795 2236 864 2290 Quod
870 2241 923 2300 post
932 2251 1018 2298 puseus
1028 2252 1106 2298 nones,
1114 2240 1154 2297 tre.
1176 2236 1287 2286 Frustra

178 2301 340 2353 Puteolanus
357 2301 439 2364 addit,
454 2302 495 2362 qui
505 2303 574 2362 quod.
609 2301 658 2356 Qui
670 2299 744 2352 abest
758 2314 774 2348 a
792 2301 856 2348 Mss.
866 2299 937 2348 Flor.
960 2301 1035 2348 Hert.
1057 2300 1132 2349 Bodl.
1150 2300 1204 2351 Jes.
1217 2301 1284 2363 Reg.

179 2363 267 2414 Guelf.
287 2364 418 2422 Corbet
435 2365 551 2414 editione
570 2363 698 2427 principe.
731 2364 763 2412 ln
780 2365 832 2412 Ms.
854 2363 923 2412 Bud.
941 2366 1003 2427 quod
1015 2378 1151 2427 perpaucos.
1184 2363 1217 2412 In
1232 2367 1285 2414 Ms.

178 2428 244 2491 Agr.
260 2434 314 2491 post
330 2431 412 2491 quod:
432 2430 491 2477 Post
501 2430 543 2487 hio
560 2430 683 2492 positum,
694 2434 724 2477 ut
736 2428 805 2491 apud
823 2428 955 2487 Plautum,
972 2427 1089 2477 Aulular.
1100 2428 1161 2476 Act.
1174 2441 1194 2477 1.
1206 2430 1248 2477 Se.
1260 2435 1285 2481 4.

179 2494 310 2545 ‘Quando
327 2494 394 2541 illaee
412 2495 513 2543 occasio
532 2493 620 2556 periit,
638 2500 698 2555 post
715 2508 773 2540 sero
790 2491 881 2554 cupit!
901 2494 1027 2540 Idem—4
1044 2492 1109 2541 Cod.
1128 2506 1216 2540 meus:
1230 2499 1285 2555 post

178 2559 240 2621 quod
252 2572 350 2620 possm.
370 2559 439 2607 Flor.
459 2560 520 2619 quod
533 2562 586 2619 post
604 2572 707 2619 paucus:
724 2557 793 2605 sieut
813 2555 918 2604 edidere
935 2556 1039 2618 Lipsius
1058 2561 1087 2605 et
1104 2556 1236 2615 Picbena;
1255 2563 1284 2606 nt

179 2622 292 2680 uidetur,
310 2628 390 2671 recte.
434 2622 559 2671 Continet
577 2621 643 2668 enim
656 2622 711 2669 haee
729 2620 856 2683 particula
875 2620 1025 2667 remotionis
1046 2619 1150 2667 Psuttiui
1170 2634 1283 2669 cerream.
1380 2658 1385 2662 .

178 2685 321 2735 Beroaldus
338 2684 427 2734 dedit:
446 2686 487 2747 qui
501 2689 555 2747 post
576 2699 673 2746 pouces.
697 2683 723 2734 J.
738 2684 767 2731 F.
780 2684 924 2731 Gronovius
940 2683 1019 2744 legit:
1034 2688 1160 2746 postquem
1178 2700 1285 2747 paucusr.

177 2750 291 2869 3332!an
304 2748 368 2799 Cod.
380 2749 430 2799 mei
442 2748 598 2817 scripturam
608 2744 713 2797 aceedit
724 2747 851 2811 proxime.
863 2746 1027 2812 {turbius-o
1046 2747 1088 2799 Ab
1099 2748 1141 2797 ed.
1155 2763 1195 2812 pr.
1208 2749 1284 2800 abest

185 3033 189 3043 »
209 3005 221 3039 ¹¹
238 3004 478 3070 ttulia„Gnltioepse]
495 3003 554 3068 Lib.
567 3010 644 3062 vui.
670 3020 710 3057 xr.
746 3006 820 3066 ⁴eiam
830 3004 1118 3069 regentedousauteque
1129 3003 1177 3073 snb
1193 3003 1284 3055 Domi·

176 3089 219 3134 18.
256 3083 420 3141 Ttttemoniss.
753 3082 835 3142 tiano,
845 3082 890 3145 qui
902 3082 996 3129 Calvus
1005 3081 1077 3131 Nero
1088 3077 1146 3127 suit.

209 3160 261 3209 cIu
271 3159 364 3207 modies
373 3157 459 3221 relato]
470 3159 573 3221 Nempe
586 3158 618 3207 de
626 3163 713 3208 aueto-
783 3154 796 3189 ‘¹
812 3154 985 3217 Detestssque]
999 3153 1130 3202 Permissa
1138 3168 1184 3203 sen
1192 3155 1283 3206 relicta

175 3237 257 3296 rimie
276 3236 421 3299 Polycleti,
430 3242 457 3287 et
468 3233 537 3283 forte
548 3233 580 3283 ab
599 3235 711 3297 ipsomet
751 3237 794 3282 est
805 3232 830 3279 ei
839 3230 983 3282 Britanniae
991 3244 1055 3280 cura
1062 3230 1095 3278 ad
1102 3230 1206 3295 aliquod
1219 3238 1282 3281 tem·

175 3312 327 3375 Polycleto,
335 3310 404 3359 etde
413 3310 477 3373 ipsis
486 3308 630 3371 Britannis,
639 3308 711 3374 quasi
752 3324 810 3373 pus,
821 3308 905 3358 donee
916 3321 993 3357 naves
1002 3307 1100 3371 aliquas
1112 3308 1214 3358 amisit:
1232 3324 1283 3372 quo

170 3388 264 3452 jugrrm
279 3386 440 3450 acciperent,
459 3398 508 3443 nec
531 3398 623 3447 perum
638 3384 711 3433 deta·
752 3391 883 3449 praetextu
893 3384 1194 3453 usisuntobtrectatores
1205 3388 1283 3449 illius,

175 3463 268 3513 iissent
280 3461 326 3513 tali
345 3460 464 3525 prodigio
477 3460 577 3509 aulico:
596 3458 665 3519 torte
683 3468 710 3511 et
751 3468 781 3511 nt
792 3468 955 3521 emoreretur
966 3461 1108 3526 provincia,
1121 3463 1193 3528 qumi
1209 3464 1283 3515 dum·

176 3538 209 3587 de
222 3540 280 3601 ipso
293 3536 411 3598 Paulino,
423 3536 494 3600 quasi
505 3536 572 3585 ultro
587 3550 709 3599 procura·
751 3544 793 3588 ret
803 3537 999 3595 adbucbeilrup

175 3612 351 3670 iorifcressris
363 3612 644 3677 reconcilieretur,ope
660 3614 710 3668 Po·
776 3613 820 3663 Ne
839 3627 934 3675 nempe
949 3610 1063 3663 consecti
1085 3626 1131 3661 seu
1150 3611 1282 3677 profligati

173 3688 278 3752 tyeleti.
636 3734 639 3739 .
751 3689 819 3739 tanti
839 3688 899 3737 belli
919 3688 1191 3750 decuslrabere13ne
1213 3688 1283 3738 forte

173 3799 177 3806 .
208 3764 278 3813 Nam
289 3763 346 3826 ipse
356 3765 465 3813 detentus
481 3770 521 3813 est
540 3762 608 3821 reim
625 3779 709 3825 geren
750 3764 862 3827 insignis
871 3763 992 3826 triumphi
1001 3763 1282 3827 adipisceretur3qnod

174 3842 213 3891 dis
219 3856 229 3898 ‚-
245 3838 326 3903 forte,
334 3840 396 3911 quia
413 3855 464 3889 nou
477 3841 532 3891 susi
550 3841 710 3893 dominantes
750 3841 845 3899 meruit
864 3847 952 3899 tamea
970 3847 998 3891 et
1016 3840 1148 3905 praecipue
1163 3848 1278 3892 seneve:

177 3917 249 3965 illum
271 3918 362 3967 statim
382 3932 504 3967 amovere
532 3933 547 3967 a
566 3918 710 3980 provincie,
751 3920 798 3970 sed
813 3935 846 3970 ex
858 3934 950 3983 magua
960 3918 1027 3967 sama
1038 3917 1136 3968 invidia
1144 3925 1171 3967 et
1179 3917 1282 3981 pericu·

175 4008 251 4057 quam
281 3994 400 4042 amissum
436 3994 631 4059 reciperarent
658 4009 710 4044 uno
750 3996 802 4048 lum
811 3996 953 4046 clarissimo
963 3995 1023 4045 duci
1035 3992 1205 4055 conflabatur.

173 4068 553 4133 praelio‚msximsbeliifnma.
587 4071 710 4127 Vide'la·
782 4079 795 4106 ⁰
812 4072 862 4129 Qui
880 4078 934 4135 post
953 4086 1041 4134 puseus
1057 4084 1128 4117 soom
1146 4071 1172 4119 trs
1188 4070 1281 4136 littore]

174 4146 265 4211 eitum,
283 4147 317 4197 de
329 4145 456 4211 eruceri,
475 4147 586 4203 eandem
608 4147 711 4213 proris·
751 4148 881 4212 Muretus,
891 4164 1024 4215 quenquam
1031 4147 1133 4197 durante
1143 4147 1218 4198 telio.-
1234 4149 1283 4200 sed
