2984 4850
179 389 334 483 r.c.or.]'
535 418 739 470 auuusruu
766 424 838 475 urs.
862 410 941 475 x‘vi.
1184 410 1277 481 'etot

177 566 319 642 augeret.
353 560 477 643 Segnes
490 568 524 628 et
538 564 680 647 pavidos
696 569 860 649 supremis
875 566 945 632 suis
960 576 1121 637 secretum
1136 563 1278 638 circum·

140 719 147 726 .
178 662 282 725 dare.²
335 660 512 746 Aspieeret
535 666 680 748 populus
706 671 834 745 virum,
858 671 954 734 morti
980 672 1126 750 obvium,
1148 675 1278 739 audiret
1308 661 1315 672 ’

172 762 317 827 &natus
333 760 453 841 voces,i
470 767 566 847 quasi
580 786 624 829 ex
639 767 766 850 aliqno³
792 766 948 848 Numine,
965 790 1066 853 supra
1085 773 1243 838 humanos
1252 782 1278 838 :⁴

175 882 279 945 posse
302 866 377 949 ipso
399 865 559 929 miraculo
574 867 674 929 etiam
698 866 865 932 Neronem
892 871 1084 950 permoveri.
1129 872 1189 935 Sin
1203 892 1276 938 eru·

175 963 304 1037 delitati
324 966 516 1043 insisteret,⁵
536 967 694 1048 distingui
710 975 799 1032 certe
813 970 905 1052 apud
917 976 1070 1053 posteros
1084 974 1275 1038 memoriam

173 1066 302 1130 honesti
316 1069 426 1132 exitus
442 1069 484 1131 ab
498 1068 632 1148 ignaria
646 1088 706 1153 per
719 1070 884 1134 silentium
900 1071 1126 1155 pereuntium!

217 1168 270 1233 26.
294 1164 428 1245 Contra,
452 1169 510 1250 qui
531 1166 772 1249 opperiendum
795 1170 885 1234 domi
908 1173 1097 1251 censebant,
1121 1172 1174 1236 de'
1195 1175 1274 1257 ‘nso

172 1268 323 1335 Thrasea
342 1268 472 1334 eadem:
497 1268 578 1332 ‘sed
602 1269 745 1333 ludibria
769 1276 803 1335 et
828 1270 1064 1335 contumeliasj
1085 1274 1273 1342 imminere:

170 1497 320 1546 extolleret.
353 1498 464 1559 Ignaros
481 1510 512 1545 ac
532 1494 711 1543 ionnidolosos
730 1494 774 1543 fini
790 1509 835 1544 sen
854 1496 931 1545 morti
950 1511 1004 1545 sure
1020 1503 1150 1545 secretum
1161 1496 1269 1547 ssnblre.

169 1560 247 1609 Iussa
259 1562 402 1611 intueretur
413 1562 522 1623 populus
539 1560 620 1607 virum
638 1560 714 1607 morti
730 1560 986 1621 occurrentemque
1004 1564 1028 1607 et
1046 1559 1151 1609 audiret
1167 1568 1271 1610 senatus

171 1638 313 1685 sermones,
324 1625 395 1673 velut
406 1640 438 1672 ex
450 1623 558 1687 quodam
573 1622 642 1682 Deo,
657 1630 685 1671 et
703 1621 831 1671 homiuem
850 1624 1023 1682 excedentes;
1040 1636 1117 1685 posse
1136 1623 1194 1685 ipso
1211 1636 1271 1687 pro·

169 1686 241 1749 digio
254 1688 384 1737 Neronem
396 1700 498 1751 quoque
514 1687 662 1735 absterreri.
697 1686 731 1733 Et
743 1687 764 1733 si
776 1686 802 1733 in
820 1687 921 1734 sevitia
932 1692 1122 1748 perseveraret,
1135 1694 1207 1735 certe
1217 1700 1272 1735 me·

168 1752 277 1799 moriam
297 1752 412 1800 honestae
431 1750 522 1798 mortis
542 1748 608 1811 apud
630 1754 748 1811 posteros
758 1748 897 1798 diseernia
913 1750 1021 1811 segnitie
1040 1751 1143 1811 illoram
1160 1750 1207 1814 qui
1221 1765 1269 1813 per

154 1812 158 1822 '
171 1822 300 1863 secretum
311 1824 338 1863 et
350 1815 514 1864 solitudinem
526 1814 666 1861 intereunt.

203 1879 293 1927 Contra
302 1882 342 1941 qui
353 1879 522 1941 expectandum
533 1890 590 1925 esse
600 1876 663 1924 dorsu
673 1872 830 1938 eossskbsst,
840 1877 920 1924 eadess
930 1878 960 1925 ds
979 1874 1083 1925 mm
1100 1873 1268 1938 fatebantur3

169 2120 292 2185 princeps
311 2126 339 2170 et
354 2120 518 2169 recentiores.
552 2118 584 2168 ln
603 2120 667 2168 Mas.
679 2120 754 2169 Harl.
765 2120 820 2171 Jes.
830 2120 906 2170 Bodi.
923 2125 952 2169 et
967 2120 1138 2181 Puteolanus,
1154 2126 1269 2171 aarum

168 2186 243 2234 otium
253 2186 318 2234 dure.
351 2185 383 2233 In
394 2185 510 2247 margine
522 2184 571 2233 Ma.
588 2184 665 2233 Bodl.
686 2184 813 2245 additum,
828 2189 940 2232 urum
950 2186 1101 2234 circumdare.
1119 2185 1268 2235 Breues.-

165 2252 181 2296 3
198 2248 242 2297 Sic
253 2249 332 2297 editio
344 2249 464 2312 princeps
475 2254 502 2296 et
512 2249 677 2296 recentiores.
712 2248 861 2298 Mssflarl.
873 2248 949 2296 Bodl.
959 2248 1014 2299 Jes.
1027 2247 1116 2298 Guelf.
1129 2256 1156 2298 et
1168 2249 1266 2299 Puteo·

167 2310 251 2373 lanus,
267 2326 298 2361 ex
308 2315 406 2377 quodum
417 2312 518 2360 namin.
554 2312 584 2360 lu
602 2312 654 2360 Ma.
667 2311 744 2361 Corb.
756 2327 788 2360 cx
799 2312 878 2374 dhas
887 2312 1066 2361 amman-l
1077 2312 1202 2363 Haasmas
1213 2312 1268 2361 Pu·

168 2377 286 2426 teolanus
297 2385 324 2427 et
337 2376 504 2438 recentiores,
520 2376 596 2440 [qnos
608 2382 713 2425 secutus
732 2383 771 2425 est
791 2376 904 2425 Brotier.
922 2382 951 2425 et
968 2374 1119 2438 Homerus]
1153 2374 1185 2423 ln
1203 2376 1268 2426 Mas.

169 2437 316 2504 Flor.'Reg.
327 2442 406 2490 Gorh.
425 2447 453 2488 et
472 2439 584 2490 editione
602 2441 729 2502 principe,
745 2454 816 2501 surpra
827 2441 952 2496 lamam
968 2440 1056 2501 idest,
1072 2454 1144 2502 sapius
1155 2441 1266 2488 lonium

166 2503 210 2552 Sic
220 2506 287 2553 enim
296 2505 404 2565 Tullius,
414 2517 476 2553 xrtr.
488 2504 520 2551 ad
532 2502 614 2552 Attic.
633 2505 681 2566 Ep.
693 2507 717 2552 2.
734 2503 860 2551 ‘Possum
871 2502 935 2562 fatti,
946 2509 975 2551 ut
985 2504 1128 2553 humanus!
1154 2504 1262 2552 Brsls'er.

168 2567 291 2616 Humanas
300 2568 413 2631 probant
423 2566 537 2630 Ryclrius
555 2573 582 2615 et
599 2567 757 2626 Gronovius,
772 2572 800 2614 at
811 2569 837 2614 in
848 2573 923 2614 textu
941 2567 1073 2629 reeipiunt
1083 2568 1205 2616 mm.
1222 2567 1267 2616 Bi·

167 2637 240 2692 pont.
251 2632 418 2682 souma-s
434 2631 477 2680 Sic
490 2631 552 2679 hirs.
565 2630 639 2678 Harl.
656 2629 732 2679 Bodl.
745 2629 801 2680 Jes.
814 2627 903 2679 Gneli.
914 2635 941 2679 et
952 2631 1123 2680 Puteolanus.
1156 2631 1187 2678 lu
1198 2631 1264 2680 hias.

167 2693 237 2744 Flos.
251 2695 315 2758 Reg.
328 2701 356 2744 et
367 2693 480 2743 editione
491 2694 619 2756 principe,
628 2695 650 2742 si
658 2693 828 2742 incredulitati.
862 2693 914 2741 llis.
927 2693 1038 2743 Corbu*
1054 2693 1264 2744 tuamensem.

166 2756 309 2822 Perpetem
323 2757 473 2816 Rhenanus,
483 2759 520 2806 rin
531 2758 658 2806 uadetitus
666 2756 812 2820 mosterot.
831 2757 945 2805 Brotier.

198 2827 212 2872 l
230 2821 294 2873 Cod.
307 2823 399 2886 Ryclrii
419 2822 480 2870 aihit
495 2825 525 2869 de
543 2821 593 2884 ipso
604 2821 719 2870 masau:
735 2823 786 2883 red,
796 2823 885 2884 lfa-2
903 2820 1037 2869 Brotierus
1049 2821 1116 2869 hunc
1129 2821 1213 2870 iocum
1223 2821 1261 2870 ita

661 2965 768 3015 NOTAE

196 3107 204 3140 ¹
223 3106 305 3170 Voces]
338 3104 369 3154 ld
380 3111 431 3164 est,
442 3104 589 3163 Sermones,
598 3101 693 3152 oratio·
733 3105 761 3149 et
770 3097 881 3146 infestos
891 3091 1035 3147 senatores.
1052 3097 1091 3147 Ut
1101 3094 1178 3157 infra,
1189 3097 1265 3160 Epri-

163 3197 218 3234 nes.
250 3183 293 3231 Sic
316 3179 403 3243 Agric.
424 3185 463 3228 ⁴6.
479 3175 693 3240 ‘Excepissemus
732 3187 776 3224 um
799 3173 951 3222 Marcellum
968 3179 997 3222 et
1012 3172 1117 3222 Vibium
1133 3172 1264 3236 Crispum,

163 3265 234 3308 certe
250 3257 382 3319 mandata,
394 3269 522 3319 vocesque
542 3269 605 3318 qrtes
622 3253 694 3316 peni·
734 3250 778 3314 qni
790 3249 923 3302 aeduini
934 3249 1064 3298 delatores
1081 3248 1129 3296 suh
1149 3248 1262 3299 Nerone.

164 3329 466 3396 tusanimofigeremus?
498 3327 693 3378 Veletiamali·
767 3324 850 3373 Etiam
868 3324 1005 3373 trabebant
1021 3324 1047 3371 lu
1065 3336 1195 3385 carcerem
1210 3323 1263 3371 suls

162 3409 263 3473 quaudo
284 3407 322 3456 sic
345 3407 438 3470 plurali
462 3419 568 3454 numero
593 3406 690 3455 dictum
732 3399 858 3448 erunibus.
905 3400 969 3448 Tae.
992 3397 1081 3462 Agris.
1101 3402 1143 3446 46.
1171 3397 1263 3447 ‘Mox

163 3500 210 3548 per
220 3485 372 3549 emphasim,
382 3485 444 3533 licet
461 3485 538 3532 unica
554 3497 595 3532 res
606 3483 650 3541 sit,
662 3487 692 3529 ut
731 3485 828 3526 nostrae
846 3476 944 3524 duxere
963 3473 1112 3524 Helvidium
1130 3472 1158 3522 in
1175 3485 1263 3522 caree·

87 3609 89 3614 .
162 3561 195 3610 de
207 3561 331 3610 Phoenice
342 3559 497 3621 diritatites,
507 3559 539 3608 de
551 3559 609 3608 sote
620 3559 691 3608 Deos.
732 3566 786 3602 reru
797 3551 903 3600 manns?

194 3635 238 3684 Sic
258 3649 336 3699 supra
356 3635 389 3683 de
409 3648 472 3684 voce
493 3633 603 3683 Neronis
625 3633 692 3681 dixit
763 3626 864 3677 Debuit
885 3626 965 3676 etlam
986 3623 1072 3674 timeri
1090 3624 1130 3673 ris
1150 3623 1284 3673 rnilitumx

161 3725 228 3759 aseer
234 3727 244 3768 ,·
256 3710 292 3758 uic
304 3717 331 3758 et
341 3709 382 3756 liic
391 3709 424 3758 de
432 3709 556 3768 Tlrrasea,
566 3722 639 3768 voees,
650 3709 690 3770 ξε.
731 3704 828 3753 curiam
840 3700 1024 3762 obsidentium,
1034 3706 1063 3749 et
1077 3713 1111 3749 ne
1122 3699 1263 3748 violaretur

160 3786 362 3849 mpruhsmusus.
395 3784 444 3832 Vel
457 3783 482 3832 id
496 3790 692 3854 tanturnresge·
731 3781 854 3838 turma,
866 3785 894 3829 et
905 3792 938 3827 ne
948 3777 1004 3841 ejus
1014 3776 1150 3826 occasione
1158 3775 1262 3823 serire-

161 3863 204 3911 nio
218 3861 303 3909 Latini
314 3853 446 3908 sermonis.
671 3863 675 3868 “
732 3862 776 3903 tur
786 3857 813 3903 iu
825 3862 923 3917 patres,
941 3860 970 3902 et
986 3851 1121 3914 precipue
1130 3848 1156 3900 in
1170 3846 1261 3899 affines

190 3934 200 3980 l
219 3934 389 3996 Contumelias]
421 3935 464 3984 Sic
476 3947 554 3997 supra
568 3933 691 3982 Salvidie·
732 3939 761 3980 et
772 3934 868 3979 amicos
880 3928 960 3993 ipsius
969 3927 1099 3976 llrrasese.

161 4011 329 4061 nussoeabat
348 4009 452 4060 Jonium
473 4009 619 4060 Gallionem
640 4009 692 4056 hos·
763 4008 848 4070 Igitur
856 4007 937 4056 satius
946 4004 997 4053 fult
1007 4002 1071 4050 mori
1081 4013 1182 4062 prosuo
1193 3996 1262 4048 arhil

160 4094 208 4136 tera
218 4093 242 4136 et
251 4085 395 4148 parricidam
412 4085 436 4133 ln
454 4086 509 4147 ipso
520 4090 626 4132 senatu:
644 4085 690 4132 uli-
731 4083 791 4144 trio,
802 4097 879 4147 quarn
896 4081 935 4130 sie
955 4078 1036 4142 pollal
1051 4074 1193 4139 violarique
1213 4090 1261 4138 per
1367 4076 1370 4080 ’
1438 4141 1441 4149 ,

161 4161 263 4226 quando
274 4161 352 4209 etiam
363 4161 444 4207 mines
454 4173 595 4222 manusque
606 4157 689 4207 interr·
729 4159 916 4209 immanitatem
924 4153 1110 4205 assentantium
1121 4151 1227 4202 Neroni.

160 4237 259 4300 tabant,
270 4242 298 4286 et
313 4241 431 4285 eseuatu
442 4233 583 4298 ejiciebant
593 4233 689 4283 inrisos
1081 4231 1084 4236 ’
