2984 4850
171 330 248 388 mc.
257 331 315 398 eu]
532 323 740 377 unnuururt
764 324 849 375 uun,
863 324 931 375 xv.
1119 348 1126 365 .
1190 308 1279 383 2009

173 467 363 535 titudinem‘
388 467 565 545 mollitus,²
590 473 688 549 regat
712 470 875 549 oratque,³
906 466 1127 547 ‘temperaret
1157 463 1279 545 dolori,

169 641 294 704 pultem
302 644 386 692 contro
398 643 538 702 praestent
541 638 719 703 firmitudinem
726 636 914 699 aelmofraetue,
922 640 1033 701 precoter
1040 634 1188 699 obsecratque
1196 613 1277 701 illam,

639 764 818 785 ΟΙΝΙΟΝΜΙ

174 846 413 897 tien-emtum
419 846 717 908 mceenernforertbiaerrr
726 845 829 895 molitu.
846 844 902 910 (Sic
913 842 1038 909 Brotier.)
1057 845 1101 893 Ite
1119 846 1183 894 Meo.
1200 844 1277 897 Harl.

174 910 232 973 Jee.
250 908 337 959 Guelf.
357 910 438 958 editio
454 911 575 972 princepe
595 918 624 959 et
639 911 805 959 recentiores.
839 910 881 959 Sic
896 923 998 973 qunque
1010 908 1173 957 emendatum
1185 909 1211 958 in
1223 910 1276 960 Me.

174 974 246 1037 λος.
257 974 284 1022 in
297 989 348 1037 qun
359 981 421 1022 ante
431 974 568 1037 scripum,
578 975 693 1034 mellitae,
712 981 741 1022 ut
760 974 840 1024 hebet
851 974 903 1021 Ms.
914 973 991 1021 Bedl.
1004 978 1032 1021 et
1043 973 1212 1022 Puteolanus.
1244 974 1277 1023 Iu

175 1038 230 1087 Me.
242 1037 311 1087 Flor.
317 1037 487 1096 fortitudinem
497 1053 544 1101 pro
549 1037 712 1098 formidinem,
723 1038 791 1100 quod
804 1036 925 1085 Piclrenae
938 1037 1034 1099 placet.
1061 1036 1176 1098 Ryckius
1193 1050 1279 1086 emen·

175 1101 258 1163 davit,
268 1102 379 1150 cerem
387 1106 527 1163 presentem
531 1102 662 1161 formidine
672 1104 787 1150 nalitus.
811 1101 875 1149 Mihi
888 1100 966 1149 lectio
978 1100 1047 1147 Flet.
1059 1103 1145 1163 potior
1157 1100 1273 1162 videtur3

172 1173 203 1214 et
215 1179 274 1213 eam
282 1166 380 1227 recipio
392 1180 450 1213 cnm
462 1165 568 1227 Bipout.
592 1166 748 1213 merlin—t
766 1163 878 1213 Budens.
890 1168 944 1211 oret
954 1168 1125 1225 meatque-«l
1141 1164 1277 1217 Brotierut

173 1228 255 1278 hebet
268 1232 411 1291 temperaret
421 1230 533 1291 dolorem,
550 1243 579 1277 ne
596 1234 711 1278 eternum
720 1230 856 1291 susciperet.
884 1228 933 1275 Me.
941 1226 1010 1290 Agr.
1022 1234 1050 1275 et
1062 1227 1120 1275 libri
1133 1226 1207 1288 editi,
1217 1232 1277 1277 teos·

172 1297 270 1355 pererret
279 1294 360 1340 dolort
386 1293 451 1340 llius.
463 1292 533 1341 Flor.
545 1292 619 1342 Harl.
630 1292 707 1341 Bedl.
722 1293 779 1342 ber.
791 1289 880 1341 Guelf.
891 1293 1001 1341 dolerem
1035 1290 1179 1339 Gronovius
1189 1305 1277 1341 euren-

172 1354 266 1416 dabat,
286 1362 417 1417 temperare
432 1356 534 1404 dotorem
554 1361 669 1427 aeternam
689 1356 814 1419 accipere.
848 1356 879 1405 lu
900 1356 950 1407 Me.
971 1354 1028 1407 les.
1050 1358 1183 1419 temperet
1210 1354 1276 1409 Cum

173 1418 284 1484 Bipout.
297 1419 416 1470 oberlin.
428 1419 528 1483 recepit
538 1434 589 1470 uec.

670 1546 779 1598 NOTAE

175 1688 278 1740 queque
287 1674 400 1738 imperet
415 1674 465 1725 sibi
480 1675 589 1735 animus,
599 1674 644 1724 ubi
655 1677 705 1725 nti-
746 1680 820 1725 tante
838 1676 961 1727 violentis
980 1681 1164 1741 tempestatum
1187 1674 1277 1725 videor

173 1750 235 1799 litus
248 1764 352 1799 suerum
369 1751 467 1814 exigit:
484 1765 532 1801 uec
544 1757 644 1800 tautum
656 1751 705 1799 eibi
746 1751 851 1812 paulum
862 1750 1024 1814 pavefactus,
1036 1765 1087 1799 uon
1107 1755 1135 1799 tn
1152 1750 1226 1799 istius
1238 1750 1277 1799 rei

172 1825 239 1876 velit
254 1826 385 1889 mori‚sed
401 1826 524 1890 sicoepit,
538 1828 705 1888 intermittat,
745 1826 846 1874 ratione
873 1825 1002 1874 audienda
1029 1825 1122 1888 diguus
1144 1839 1180 1873 ee.
1223 1824 1277 1874 Sed

174 1900 304 1951 uenisse
314 1902 470 1951 commodet.
498 1902 617 1965 Ingentis
627 1904 706 1951 animi
747 1901 796 1950 tibi
812 1915 873 1949 saue
893 1900 1044 1963 Aristippus
1061 1901 1104 1949 ille
1117 1914 1164 1962 pre
1179 1914 1219 1948 me
1237 1914 1276 1949 re·

173 1980 227 2036 est,
244 1975 328 2025 aliena
344 1990 422 2025 causa
440 1977 473 2025 ael
496 1977 576 2025 vitem
598 1978 705 2040 reverti,
746 1977 895 2041 sponderit:
912 1977 1021 2040 quicum
1033 1978 1059 2025 in
1069 1977 1147 2035 simili
1157 1982 1277 2039 tempore

174 2053 244 2116 quod
255 2052 341 2116 magni
352 2054 401 2103 riri
411 2068 481 2117 serpe
494 2052 629 2104 feceruut.'
642 2087 644 2091 -
662 2056 706 2104 Pt-
745 2067 762 2101 a
772 2054 900 2102 simillimo
918 2052 956 2101 tui
976 2053 1078 2101 humine
1092 2052 1278 2115 interrogatus,

174 2127 257 2176 elenu
747 2142 826 2191 quere
845 2128 1009 2191 philosophus
1027 2127 1139 2189 timeret,
1155 2141 1215 2176 cum
1231 2124 1278 2177 ille

139 2241 141 2246 .
207 2202 356 2253 aarum
379 2210 519 2267 prasonem
538 2205 705 2269 formitem]
746 2209 838 2251 contra
857 2202 920 2250 nillil
940 2206 1075 2265 metueret,
1090 2202 1149 2251 Nou
1167 2202 1277 2252 eandem

173 2278 511 2341 laberricesorrtecotem.
528 2282 606 2334 Quod
613 2282 706 2333 Piclre·
745 2290 803 2329 esse
823 2293 926 2329 eausam
945 2278 994 2326 slbi
1012 2284 1091 2341 atque
1107 2277 1155 2339 illi,
1171 2290 1277 2340 respon·

171 2356 706 2421 aaexplicat‚contraingentramceprar-
745 2354 803 2414 dit;
829 2356 949 2421 quonium
971 2355 993 2401 is
1014 2352 1118 2416 quidem
1135 2357 1205 2401 esset
1225 2365 1277 2401 neu

171 2430 472 2484 eenlemt‘ertitudiuem.
505 2436 541 2484 Et
557 2434 705 2498 egosormi·
744 2445 839 2494 magno
867 2445 947 2494 opere
978 2429 1094 2478 solicitus
1123 2442 1169 2491 pro
1192 2428 1277 2478 anime

170 2507 252 2556 dirreer
267 2509 409 2559 retiueumc
431 2509 477 2558 reb
494 2525 510 2558 a
525 2511 626 2559 Seneca
637 2524 705 2559 amo-
744 2505 895 2570 nequissimi
919 2504 1063 2567 nebulonis,
1084 2503 1168 2568 ipsum
1190 2508 1277 2554 autem

170 2582 223 2632 liar
243 2583 271 2631 iu
290 2585 704 2649 uxoremlcgsmquemoltiom.
745 2595 794 2644 pro
805 2579 933 2644 Aristippi
944 2579 1029 2641 enims
1041 2579 1150 2629 timere!
1260 2623 1261 2630 ,

172 2655 251 2710 Quod
269 2661 291 2708 ei
307 2659 340 2708 cle
359 2659 471 2728 Seneca,
492 2662 592 2724 legam:
617 2660 706 2710 eem-
779 2657 814 2706 Et
825 2655 893 2704 infre
912 2656 1078 2719 philosophus
1091 2655 1149 2705 tulis
1165 2654 1276 2707 effectus

170 2747 214 2784 eure
222 2734 358 2796 peremto,
371 2734 503 2793 sormidme
512 2736 625 2784 mollitur.
659 2735 706 2785 Ni·
745 2745 848 2781 caueam
860 2727 987 2784 refertex
999 2731 1116 2794 Epicteti
1128 2731 1195 2783 libro
1207 2731 1277 2796 epnd

171 2808 267 2858 mirum
278 2815 386 2872 aspectu
397 2809 442 2867 illo
451 2809 622 2874 amplexuque
636 2824 704 2859 ama·
746 2805 899 2856 Arrianum:
934 2807 1076 2856 ‘Visiones
1102 2808 1188 2870 enimi,
1215 2822 1278 2872 quae

171 2889 208 2934 te
227 2888 256 2932 et
272 2884 383 2932 amantio
392 2884 489 2947 uxoris,
506 2891 534 2933 et
545 2886 705 2949 cogitatione
744 2883 876 2946 perreriae
896 2884 1039 2948 philesophi
1061 2883 1278 2946 appellantem·

163 2959 426 3022 instuutium,'eeneit
440 2967 525 3010 metue
542 2960 641 3024 aliquos
647 2976 705 3012 ruo·
746 2960 794 3010 bue
806 2975 876 3010 mens
887 2961 1003 3016 hominis,
1021 2960 1103 3022 prime
1112 2959 1206 3010 ¹stetim
1219 2973 1276 3022 spe-

172 3041 235 3084 tue:
253 3035 469 3098 secl-compressit,
484 3043 512 3086 et
526 3037 616 3085 evicit.
649 3037 705 3086 Sto·
746 3033 948 3094 cieeccidentie,
959 3033 992 3100 acl
1005 3034 1115 3081 animum
1132 3032 1277 3094 repellitur,

172 3110 274 3175 umque
284 3123 390 3160 uxorem
401 3112 434 3159 ad
445 3109 523 3160 robur
531 3111 611 3161 etiam
620 3112 706 3160 horta·
746 3123 798 3158 nou
821 3107 961 3157 voluntatis
985 3114 1045 3156 snut
1061 3121 1146 3170 neque
1167 3104 1278 3171 arbitrii,

172 3191 227 3236 tur.
259 3185 365 3248 Iapetus.
696 3224 700 3233 ,
746 3183 792 3234 sed
805 3183 831 3233 ri
842 3182 952 3248 quedam
971 3197 1018 3248 suu
1035 3179 1150 3230 inferunt
1165 3196 1222 3232 sese
1232 3183 1277 3238 llos

205 3261 338 3330 Aetnaeae]
353 3261 471 3312 Adversus
487 3261 707 3326 pcoeateorforti·
746 3262 867 3312 minibus.
882 3301 884 3306 ,
902 3260 1068 3311 Noscitundae
1080 3267 1167 3310 autem
1183 3261 1278 3325 probe·

171 3335 328 3400 mehemet
342 3339 453 3388 dom
470 3345 610 3402 praecem
618 3338 707 3399 forrat-
746 3338 841 3401 tiones,
871 3353 935 3402 quae
965 3334 1149 3398 συγκαταθέσεις
1174 3343 1277 3400 rennui,

171 3410 705 3478 etiem,fereeodemeeusueumiposeiut,
746 3414 838 3478 quibus
856 3413 947 3462 eadem
960 3413 1014 3462 visu
1033 3419 1173 3462 noscuntur
1191 3426 1222 3462 ue
1240 3411 1277 3462 ‹li-

173 3489 270 3553 Neque
281 3496 366 3539 tameu
378 3488 521 3538 formidinis
532 3503 614 3552 urguo
626 3481 706 3539 Seue-
740 3487 900 3550 judicantur,
913 3487 1062 3538 voluntarie
1080 3487 1276 3553 metuuntque

171 3579 232 3615 uum
248 3579 280 3614 eo
296 3565 384 3628 medo,
394 3579 446 3628 quo
456 3565 519 3627 Dio,
529 3571 558 3613 et
568 3565 613 3614 alii
621 3567 706 3629 multi,
744 3563 875 3624 nominum
886 3563 1022 3613 arbitratu.
1057 3564 1203 3627 Propterea
1216 3578 1276 3614 cum

110 3704 118 3714 ι
173 3641 220 3706 qul
230 3640 323 3691 virtuti
338 3640 389 3706 ipsi
406 3648 434 3692 et
445 3640 552 3690 verituti
564 3639 653 3692 infesti
662 3643 706 3692 ob·
745 3657 824 3692 suune
836 3642 928 3706 uliquis
940 3640 1114 3694 formidabilis.
1122 3650 1193 3700 aute
1210 3643 1276 3692 coeln
1348 3687 1350 3690 .

170 3723 299 3768 treeteut.
499 3752 504 3760 -
748 3724 793 3767 eut
804 3733 837 3767 ex
849 3717 932 3781 ruina,
949 3723 994 3766 eut
1011 3719 1162 3781 repentinus
1176 3719 1277 3768 nescius

172 3806 179 3832 '-
207 3795 244 3844 ut
254 3795 303 3844 buc
315 3807 377 3844 earu
388 3799 461 3844 certe
474 3793 633 3856 respondere
643 3794 707 3844 Dio·
748 3793 857 3857 periculi
868 3792 980 3856 nuntius,
991 3794 1033 3843 vel
1043 3794 1105 3857 quid
1122 3794 1191 3843 alind
1210 3794 1276 3856 ejur-

170 3868 200 3917 ui
222 3869 311 3932 putuit
331 3869 439 3930 Senem,
459 3868 528 3932 qued
556 3867 707 3931 Aristippus
746 3867 819 3918 modi
840 3866 1008 3931 factumest,
1029 3869 1153 3932 sapientie
1174 3881 1276 3932 queque

171 3943 235 3993 olim
256 3943 327 4006 apud
347 3942 541 4005 Gelliumxrx.
554 3947 576 4002 l.
592 3942 707 3992 Petebat
746 3945 863 3997 auimnm
880 3945 1011 4008 paulisper
1032 3943 1139 4004 moveri,
1163 3949 1192 3992 et
1215 3957 1278 3994 cun·

170 4018 265 4083 uliquis
282 4034 299 4068 a
312 4018 479 4082 philosopho,
497 4034 543 4068 eur
553 4019 582 4069 iu
592 4024 705 4082 temper·
747 4021 823 4085 trahi,
835 4028 864 4070 et
873 4020 1015 4085 pallescere
1024 4033 1158 4074 necessum
1169 4023 1276 4083 estnon

171 4101 232 4145 tate
250 4095 414 4146 everidenti
429 4094 566 4159 naufragio
579 4096 704 4158 palleret:
745 4099 869 4162 opinione
878 4099 987 4161 alicujus
995 4097 1056 4147 mali
1067 4101 1216 4160 prmeeptu3
1229 4097 1274 4154 red
1305 4155 1306 4160 Ἰ

171 4169 221 4221 ‘si
232 4170 295 4238 quid
305 4169 660 4238 egouoqoul’ultcropuus)
677 4171 723 4226 io.
745 4175 897 4242 quibusdem
915 4171 1027 4224 mutibus
1039 4169 1135 4236 tepidis
1150 4171 1275 4242 etliucop,
1339 4218 1341 4221 .
