2984 4850
418 724 494 858 c.
526 767 862 860 conuumr
899 701 1127 857 mmm

762 979 810 1031 AB

470 1123 714 1248 excessu
737 1171 854 1246 nrvr
874 1169 1108 1248 Aucusnr

343 1445 1215 1590 ANNALIUM

434 1796 602 1875 LIBER
622 1797 859 1884 QUINTUS
880 1795 1144 1873 DECIMUS.

664 2063 939 2077 m

664 2085 940 2103 m

550 2293 867 2360 BREVIARIUM
890 2291 1037 2358 LIBRI.

284 2454 373 2536 Chr.
390 2471 422 2535 1.
437 2470 470 2536 2.
493 2460 680 2552 Vologeses
695 2470 773 2535 Rex
793 2469 993 2535 Parthorum
1016 2467 1140 2532 bellum
1154 2472 1262 2531 mento
1277 2468 1347 2533 vol·

240 2573 303 2650 uit,
332 2573 564 2653 instigantibus
586 2574 686 2636 fratre
706 2571 858 2636 Tiridate
881 2576 914 2634 et
937 2570 1129 2633 Monobazo
1156 2566 1347 2649 Adiabeno,

241 2685 341 2752 quem
363 2669 524 2751 Tigranes
546 2676 701 2737 vexarat.
754 2672 797 2737 3.
811 2669 956 2734 Corbulo
983 2669 1090 2753 Syriae
1115 2671 1247 2735 tuendae
1272 2688 1349 2752 pro-
1417 2742 1423 2755 .

241 2769 345 2834 ridet
401 2773 434 2833 4·
457 2770 584 2848 Parthi,
615 2771 757 2835 Monese
781 2771 891 2848 Duce,
920 2770 1156 2853 Tigranocerta
1186 2771 1348 2835 obsident.

232 2873 276 2937 ,5.
297 2870 459 2954 Vologesi
484 2855 631 2938 Corbulo
654 2872 807 2936 inducias
832 2873 928 2935 offert
951 2878 984 2936 et
1005 2874 1172 2953 impetrat.
1216 2872 1251 2935 6.
1273 2870 1350 2936 Gae·

241 2974 451 3039 sennii'Paeti
477 2973 647 3039 Armeniae
670 2993 785 3037 reeens
808 2974 957 3057 praefecti
973 2973 1115 3047 vanitas,
1160 2974 1192 3036 7.
1207 2971 1241 3036 8.
1263 2973 1349 3037 sero·

241 3076 311 3153 cia,
336 3076 516 3157 imperitia,
537 3075 712 3160 jactantia.
757 3074 789 3138 9.
811 3072 867 3137 Ab
894 3074 1080 3138 invadenda
1095 3074 1191 3157 Syria
1207 3073 1350 3140 Corbulo

245 3177 409 3239 absterret
432 3176 589 3253 Parthos
612 3176 670 3259 qni
706 3174 761 3239 lo.
785 3173 955 3238 Armeniae
976 3181 1008 3239 et
1036 3175 1131 3238 Paeto
1147 3176 1349 3241 incumbunt

235 3276 317 3353 ⁸Hic
334 3293 421 3356 aegre
437 3274 657 3339 Corbulonem
672 3276 802 3339 auxilio
818 3282 930 3353 vocat,
975 3277 1029 3342 11.
1052 3276 1187 3339 Parthis
1201 3296 1352 3360 premen-

244 3377 345 3465 tibus.
389 3378 443 3439 12.
467 3376 515 3452 Is,
535 3377 570 3437 in
585 3375 780 3440 Armeniam
805 3376 985 3460 profectus
1009 3376 1171 3458 fugientes
1186 3377 1351 3460 objurgat,

243 3497 324 3541 suos
336 3478 495 3556 hortatur.
540 3478 593 3541 13.
615 3477 802 3559 Vologeses
823 3479 925 3543 instat
940 3480 1049 3542 Paeto.
1095 3480 1149 3541 14.
1172 3479 1352 3563 Discepta-

245 3579 295 3643 tio
310 3580 393 3643 inter
408 3579 581 3643 Romanos
595 3586 628 3643 et
643 3579 798 3657 Parthos,
813 3600 857 3643 ex
871 3600 939 3663 qua
976 3583 1029 3643 15.
1053 3580 1141 3645 Paeti
1155 3580 1247 3645 foeda
1262 3601 1354 3645 com‹

245 3682 383 3764 positio.
428 3682 482 3745 16.
505 3680 651 3745 Corbulo
671 3682 708 3745 in
732 3680 925 3746 Armeniam
949 3682 1048 3746 venit.
1103 3682 1158 3745 17.
1181 3680 1279 3747 Paeto
1302 3683 1352 3747 iu-

245 3784 376 3867 crepito
390 3783 522 3866 Syriam
536 3786 665 3866 repetit.
710 3784 765 3848 18.
789 3784 910 3849 Romae
937 3784 1050 3847 inania
1069 3784 1111 3847 de
1134 3780 1269 3847 Parthis
1289 3790 1353 3849 tro-

246 3903 336 3969 paea.
381 3884 593 3948 Frumentum
615 3887 734 3968 plebis.
779 3886 979 3969 Vectigalia.
1105 3930 1114 3953 .

290 3988 344 4052 19.
368 3986 436 4050 SC.
464 3988 505 4050 de
535 3989 699 4052 simulatis
728 3990 976 4072 adoptionibus.
1031 3987 1084 4049 20.
1109 3988 1162 4049 21.
1193 3983 1352 4050 Claudius

244 4090 442 4153 Timarchus
470 4088 638 4153 Cretensis
662 4102 854 4167 accusatur,
877 4090 967 4173 quod
992 4089 1142 4153 Thrasea
1166 4087 1286 4151 Paetus
1311 4084 1352 4151 ad

245 4191 373 4255 bonum
392 4190 564 4274 publicum
579 4191 688 4256 vertit.
731 4190 787 4256 22.
811 4189 1003 4269 Decretum,
1026 4196 1135 4273 grates
1149 4189 1352 4255 Praesidibus
