2984 4850
264 358 354 424 mot
628 374 665 423 o.
687 371 870 425 cosusuu
892 370 1021 423 rscsrr
1198 376 1295 447 [au.
1310 382 1368 431 ssa.

266 514 356 586 Hae
378 516 462 581 terre
475 512 629 581 Granius5
645 514 815 593 Silvanus,
830 514 997 581 Tribunus
1019 516 1192 583 Praetoriae
1208 516 1369 597 cohortis,

264 623 311 694 ot,
325 620 337 651 ‘
351 637 394 681 an
408 616 501 681 diota
515 616 652 681 Natalis
661 634 789 698 suaque
802 635 963 697 responsa
977 616 1147 694 nosceret,'
1157 618 1370 699 percunctari

261 718 423 784 mam
436 716 584 800 jubetur.
628 715 678 793 ls,
701 716 796 792 forto,
812 735 856 781 au
878 716 1037 798 prudens,
1053 717 1097 781 ad
1113 736 1200 781 eum.
1215 718 1369 783 diemex

262 816 466 901 (latnpania'¹
479 821 693 893 remeaverat,
711 825 931 901 quartumque
954 818 1043 901 apud
1058 818 1234 900 lapidem,v
1247 819 1369 883 subur·

261 918 351 982 bano
374 938 459 997 rure,
484 918 689 984 substiterat.
733 918 800 983 Illo
822 922 1008 1003 propinqua
1027 938 1169 1001 vespera
1193 918 1368 983 Tribunus

260 1019 355 1085 mit
375 1024 409 1083 et
427 1019 543 1085 villam
567 1017 715 1101 globis⁶'
739 1020 881 1087 militum
910 1022 1025 1103 sepsit.
1070 1020 1156 1083 Tum
1172 1020 1260 1101 «ipsi,
1289 1038 1367 1083 cum

261 1116 429 1202 Pompeia
452 1118 610 1185 Paullina
624 1128 744 1185 uxore
757 1127 791 1185 et
813 1122 931 1187 amicis
946 1121 1077 1186 duobus
1092 1119 1256 1203 epulanti,
1271 1138 1369 1212 man-

262 1216 341 1281 dnta
354 1218 569 1303 Imperatoris
582 1219 698 1286 edidit.

303 1319 360 1385 61.
382 1320 521 1398 Seneca,
537 1321 703 1385 ‘missum
717 1318 762 1385 ad
777 1336 814 1384 se
829 1318 987 1386 Natalem
1000 1323 1286 1404 conquestumque
1304 1340 1366 1385 no-

259 1513 376 1558 oeterom
387 1508 625 1558 uinculumitatem
643 1522 714 1557 suam
732 1507 758 1556 in
778 1507 861 1557 solute
882 1506 986 1556 Pisonis
998 1522 1140 1570 ,reponere
1174 1506 1235 1555 Haec
1251 1507 1365 1557 suatim

252 1570 352 1630 joaa
368 1572 463 1622 Sem
474 1574 592 1621 ‘Granius
601 1572 711 1620 sitm
720 1570 829 1619 tribanus
846 1572 968 1634 proetertae
977 1572 1089 1633 robono,
1100 1576 1124 1619 et
1133 1586 1191 1619 eum
1204 1572 1364 1633 interrogare,

257 1637 545 1747 xpmsswqfsst'e'b'
557 1636 712 1747 333⁹&
727 1649 785 1745 quae
805 1634 862 1709 ipse
880 1636 1081 1746 rffpfmffiufeti,
1097 1634 1365 1747 libamem

305 1714 320 1745 o
445 1715 481 1749 em
544 1714 558 1746 r
677 1713 710 1745 aa
751 1713 789 1745 um
820 1712 860 1745 ato
935 1713 961 1745 ss
1037 1713 1050 1745 r
1081 1714 1142 1748 eun

257 1732 369 1823 quatiam
386 1714 644 1811 mimmiuproxtma
658 1762 697 1809 die
714 1760 756 1809 ub
778 1712 896 1823 caeram
908 1773 939 1808 eo
950 1762 1046 1809 arama
1062 1760 1180 1822 tribunus,
1201 1767 1225 1809 et
1243 1762 1362 1825 predium

256 1826 370 1873 Metius
377 1825 482 1875 mustum
492 1825 580 1873 cinxit
615 1826 677 1873 Tam
687 1823 733 1887 ipsi
737 1823 806 1883 jussu
814 1824 930 1887 principis
940 1824 1057 1887 exposuit,
1069 1824 1173 1873 emuli
1184 1840 1237 1873 cum
1248 1826 1363 1889 Pompeia

258 1887 364 1936 Paulino
372 1891 480 1953 conjuge,
489 1894 513 1937 et
521 1888 609 1937 amsa
619 1888 711 1936 onmia.

293 1950 385 2002 &neu
395 1954 525 2015 respondit,
535 1952 638 2011 venisse
647 1951 682 1999 sd
698 1965 728 1999 se
747 1949 880 2011 Natalem,
897 1955 925 1999 et
938 1956 1057 2014 questum
1075 1965 1125 2005 esse
1137 1952 1241 2001 nomine
1252 1951 1365 2017 Pisonis,

765 2074 897 2095 ΙΙΙΙΝΟΝ

256 2155 334 2208 Bodl.
348 2157 405 2209 Jes.
425 2159 539 2207 Grauius.
564 2156 843 2208 attenuatum.
867 2156 942 2207 Idem
959 2158 1011 2207 Ms.
1032 2156 1112 2207 Corb.
1128 2172 1187 2220 cap.
1210 2162 1252 2207 71.
1282 2158 1360 2207 Getes

256 2219 412 2270 Nilusne—6
428 2222 472 2271 Ita
490 2224 553 2270 Mss.
564 2222 632 2270 Plora
644 2222 685 2271 Re
704 2257 711 2270 .
727 2222 803 2269 Harl.
820 2222 875 2271 Jes.
894 2220 982 2270 Guelf.
994 2222 1072 2271 Corb.
1090 2222 1172 2271 editio
1187 2222 1313 2287 princeps
1332 2229 1359 2272 et

256 2286 425 2337 recentiores.
444 2287 476 2336 lu
487 2286 540 2335 Me.
552 2285 632 2335 corb.
644 2290 672 2335 et
709 2286 855 2349 uteolnnus,
864 2284 956 2345 globus.

749 2431 859 2483 NOTAE

287 2525 394 2581 &tam
415 2527 493 2590 mum]
516 2528 631 2577 vertunt
648 2528 785 2590 Mem,
824 2527 963 2578 Paulinam
981 2527 1071 2592 perire
1084 2526 1159 2576 simul
1176 2541 1236 2577 eum
1256 2527 1357 2578 Seneca

252 2599 302 2650 sed
311 2602 375 2651 ntes
384 2601 482 2665 aliquid
494 2602 575 2665 majus
586 2608 643 2652 est:
656 2603 785 2664 complec-
825 2616 881 2665 suo,
892 2609 920 2652 et
931 2601 989 2666 jam
1001 2603 1134 2666 abrupisse
1146 2615 1234 2665 veum,
1242 2602 1358 2654 habuere

253 2674 320 2724 titur
336 2689 488 2738 prosperam
506 2676 689 2736 valetudinem,
702 2675 785 2725 fortu-
826 2677 939 2740 spatium
960 2667 1121 2726 commeandi
1140 2676 1259 2739 Romam,
1275 2681 1304 2725 et
1318 2691 1358 2726 re·

253 2761 299 2798 uas
311 2762 358 2796 seu
368 2763 431 2811 opes
442 2749 565 2812 integras,
573 2750 785 2800 incolumemsta-
825 2750 932 2811 denuoi,
946 2750 1030 2804 adhue
1039 2747 1153 2814 spirante
1165 2747 1283 2812 foemina,
1297 2763 1357 2800 cum

256 2829 323 2884 tum,
344 2823 508 2885 dignitatem,
535 2830 564 2872 et
582 2823 705 2888 pleraque
726 2825 786 2886 slis,
824 2828 954 2876 mandatis
964 2829 1086 2890 Neronis,
1096 2833 1124 2878 et
1134 2826 1197 2876 satis
1208 2826 1241 2876 ad
1253 2834 1357 2892 tempus

253 2897 347 2964 quibus
363 2899 430 2948 selus
446 2903 474 2946 et
488 2897 650 2947 incolumitas
665 2898 784 2946 contine·
825 2900 934 2949 sistendi
942 2901 1101 2963 sanguinem.
1134 2900 1355 2950 Neccertefrus·

253 2980 307 3026 tur.
824 2982 874 3036 tra,
885 2991 943 3026 cum
960 2976 993 3026 ad
1011 2977 1110 3041 aliquot
1126 2990 1206 3027 annos
1221 2977 1355 3041 supervix-

282 3049 348 3098 ¹Ex
360 3048 502 3113 Componis]
517 3047 570 3098 Ubi
579 3047 782 3098 extremisaunis
823 3051 1006 3103 eritPaullna.
1193 3089 1196 3094 -

251 3127 348 3177 multus
365 3126 424 3186 fult,
443 3124 525 3173 rarior
541 3125 569 3173 in
587 3125 655 3182 aula,
673 3129 701 3173 et
713 3125 780 3187 sapi·
853 3133 869 3158 a
887 3123 983 3190 Globis]
1000 3125 1070 3178 Quia
1092 3126 1265 3189 amplissimus
1285 3126 1355 3178 villa

251 3201 330 3250 entiae
355 3200 447 3248 studiis
469 3207 619 3262 occupatus.
664 3199 780 3262 Epistola
820 3200 1355 3265 circuitus,multaqueaedifieia‚qnaecin·

251 3273 297 3336 ibi,
314 3280 342 3322 et
356 3273 503 3328 Quartam
513 3271 652 3335 Naturales,
666 3273 713 3321 sub
730 3274 778 3322 hoc
819 3291 880 3340 gere
892 3278 1010 3339 oportuit
1022 3285 1050 3326 et
1061 3278 1210 3339 observare,
1229 3275 1289 3326 ideo
1301 3275 1355 3327 for·

250 3355 352 3413 ternpus
362 3357 480 3398 structae.
497 3349 602 3411 Lipsius.
819 3355 846 3400 te
856 3350 943 3400 multis
953 3351 1036 3413 globis
1048 3351 1169 3412 militum,
1180 3365 1226 3398 seu
1238 3351 1356 3402 stationi·

282 3425 537 3487 'Quartumqaeopetl
545 3424 657 3488 lapidem]
678 3423 778 3474 invilla
818 3421 865 3472 bus
886 3424 1030 3474 circumdat
1052 3425 1155 3472 villam:
1177 3430 1204 3474 et
1227 3425 1353 3489 pleraque

248 3512 295 3549 sna
306 3499 464 3561 Nomentana,
474 3505 504 3547 ut
524 3499 621 3560 volunt,
636 3499 681 3563 qui
696 3499 778 3548 vitam
817 3497 937 3548 facienda
949 3499 1108 3562 inspeciem,
1129 3499 1190 3563 qnia
1205 3505 1270 3562 quot
1285 3514 1355 3550 mor·

248 3573 324 3624 nobis
345 3563 486 3636 scripsere?
516 3573 568 3622 Sed
588 3573 699 3638 ambigo,
716 3575 777 3637 quia
817 3579 857 3622 tes
882 3575 973 3637 jnssae,
992 3580 1032 3621 tot
1051 3579 1188 3622 exactores
1203 3573 1269 3636 dati,
1292 3575 1353 3624 vilia

248 3645 406 3700 Nomentum
417 3649 519 3710 longius
530 3648 630 3711 aberat,
641 3655 668 3696 et
680 3648 776 3697 duode·
816 3649 906 3712 capita
927 3649 1089 3712 libertorum,
1109 3649 1190 3698 instar
1207 3651 1351 3700 satellitum

248 3723 315 3774 aimo
326 3722 382 3770 fere
393 3722 489 3786 lapide.
524 3723 581 3773 Nisi
593 3725 613 3772 si
633 3730 731 3774 tractus
743 3738 775 3773 eo
815 3726 953 3788 regiorum.

247 3813 338 3848 versus
356 3799 488 3862 bucusque
498 3800 658 3848 Nomentanus
676 3799 774 3848 dicere·
846 3805 860 3832 ¹
871 3799 1350 3863 ComPompeiuPuutinuuxore]Quaut

247 3879 299 3924 tur.
319 3874 421 3937 Lipsius.
815 3875 997 3925 nobilissimam
1008 3871 1139 3924 foeminsm
1150 3876 1203 3923 Dio
1214 3873 1349 3938 appellatt

281 3949 512 4013 Quartamqutrpud
521 3948 633 4012 lapidem]
643 3949 709 3998 Sunt
717 3949 775 3998 duae
815 3947 894 4004 liliam
906 3947 973 3999 forte
991 3949 1110 4012 Pompeii
1121 3947 1235 4008 Paulini,
1252 3947 1297 4014 qui
1309 3961 1349 4009 su·

245 4023 328 4074 leucae
340 4025 446 4075 Gallicae
457 4041 466 4085 ;
476 4033 504 4074 et
515 4031 586 4075 certe
596 4027 666 4074 loeus
678 4026 775 4076 vicinus
815 4037 863 4087 pra
872 4024 1014 4074 consularis
1025 4023 1130 4085 dicitur,
1140 4029 1167 4072 et
1175 4022 1349 4087 vectigalibus

246 4098 304 4149 urbi
315 4098 380 4150 fuit:
397 4099 494 4165 quippe
504 4116 563 4150 curn
580 4100 775 4150 animadvertis·
814 4098 925 4163 publicis
936 4099 1098 4164 prepositus.
1114 4099 1219 4164 Lipsius.

245 4180 305 4224 sent
330 4189 447 4226 cursores
469 4174 590 4240 Neronis,
608 4176 728 4226 statuisse
745 4181 776 4226 et
1148 4171 1150 4175 ⁴
