2984 4850
138 402 278 467 acea]
484 394 691 446 annuerunt
714 395 789 445 um.
813 396 920 445 xvr.-
1153 380 1240 447 2061

140 561 250 619 curas,
265 538 514 623 praeficeretque
530 541 708 617 rationibus
729 545 764 603 et
779 535 912 604 libellis'
928 542 962 605 et
975 538 1126 621 epistolis
1139 540 1240 604 liber·

139 644 221 709 tos?
242 643 364 705 inania¹
382 641 481 703 simul
500 648 532 703 et
552 642 654 705 falsa:
677 642 753 705 nam
769 642 901 705 Silanus
916 642 1078 705 intentior²
1102 648 1192 704 metu
1206 647 1239 705 et

140 746 243 809 exitio
269 744 380 825 patrui
410 743 453 805 ad
482 742 735 825 praecavendum
765 746 951 806 exterritus³
980 749 1060 805 erat.
1107 741 1240 804 lnducit

138 845 291 929 posthac,
306 845 470 908 vocabulo
484 844 643 920 indicum,
661 846 764 926 quiin
780 843 954 925 Lepidam,
967 843 1076 906 Cassii
1093 860 1239 918 uxorem,

141 946 248 1009 Silani
263 947 408 1021 amitam,
426 948 443 1003 ,‘
459 947 620 1009 incestum
641 966 714 1008 curn
732 943 837 1008 fratris
851 944 934 1007 tilio¹1
953 951 986 1006 et
999 940 1105 1005 dirosh
1129 960 1240 1004 sacro·

139 1067 212 1110 rum
226 1046 315 1111 ritus'
331 1047 561 1128 confingerent.
604 1046 841 1122 Trahebantur,
855 1052 892 1107 ut
906 1046 1043 1119 conscii,
1058 1044 1240 1107 Vulcatius

140 1145 325 1211 Tullinus*
348 1168 388 1211 ac
410 1148 589 1211 Marcellus
613 1144 806 1223 Cornelius,j
834 1147 1020 1219 Senatores
1043 1152 1077 1208 et
1101 1142 1240 1224 Calpur·

141 1314 202 1358 ante
215 1316 344 1372 arguerat,
356 1312 428 1373 quasi
443 1312 496 1374 jam
511 1310 594 1359 officia
605 1311 741 1373 manisque
754 1310 914 1372 principatus
925 1308 1067 1366 ordinaret,
1079 1308 1240 1370 haberetque

139 1373 246 1422 libertos
258 1389 273 1421 a
284 1374 435 1435 rationibus,
446 1390 461 1422 a
472 1375 576 1435 libellis,
587 1382 613 1422 ct
626 1375 756 1436 epistolis:
775 1389 831 1436 qnae
843 1389 902 1421 cono
917 1373 987 1419 mmet
998 1378 1021 1420 et
1031 1373 1139 1435 fictitio:
1156 1371 1241 1434 quippe

140 1436 236 1485 Silanus
244 1440 381 1501 pntdontior
385 1439 523 1496 formidine,
533 1444 556 1486 et
566 1454 620 1485 nece
630 1440 712 1499 putrui
722 1440 754 1485 od
769 1438 931 1486 connitendum
946 1438 1116 1498 cavendumque
1132 1435 1180 1484 sibi
1199 1450 1241 1483 ex·

139 1502 238 1549 territus
256 1506 316 1551 erut.
350 1504 411 1549 Mox
426 1502 545 1562 immittit,
555 1502 596 1565 qui
607 1505 698 1561 nomine
707 1502 812 1551 iudicum
824 1516 867 1548 seu
880 1500 1023 1547 delatorum
1042 1500 1240 1547 comminisceret-

139 1568 182 1611 tur
192 1566 301 1613 odnemm
312 1565 424 1627 Lepidum
437 1566 514 1613 Cassii
524 1566 652 1628 conjugem,
664 1566 740 1613 Silani
751 1566 858 1622 omitum,
868 1564 993 1612 incestum
1006 1578 1064 1611 cum
1081 1562 1134 1610 filio
1153 1562 1240 1611 fratris
1296 1607 1299 1614 .

139 1628 272 1691 admissum,
294 1638 322 1678 et
340 1630 409 1677 diras
428 1628 610 1678 sacrificiorum
633 1630 801 1678 caerimonias.
832 1628 911 1676 Simul
930 1628 1091 1689 rapiebantur,
1101 1632 1129 1674 ut
1144 1626 1240 1689 messii,

625 1766 771 1785 'necnon

175 1852 241 1899 l.Et
252 1851 333 1900 inquio
348 1851 463 1900 Budrns.
497 1850 614 1898 Pichena
634 1846 736 1895 sustulit
756 1847 933 1910 copulam-2
950 1847 1020 1895 Flor.
1031 1846 1140 1906 iuteeiom
1154 1847 1193 1895 vel
1204 1847 1241 1895 in-

139 1914 230 1970 tetior,·
251 1922 280 1963 et
297 1916 499 1978 superscriptum
522 1913 636 1961 interior.-
660 1910 706 1959 sed
727 1925 797 1958 mens
817 1917 908 1959 exerte
926 1912 1050 1959 intentior.
1083 1910 1241 1973 Ryckius.-

142 1981 157 2025 3
176 1979 277 2027 Nichol.
292 1979 413 2028 Heinsius
423 1979 528 2043 legebat
538 1976 655 2026 sacratus
665 1978 774 2050 erut—d
789 1974 895 2040 Lipsius
906 1975 1054 2024 Tertullinus.

633 2113 760 2184 Noua.

143 2254 201 2302 roni
212 2268 258 2316 pro
270 2255 372 2317 Roscio,
387 2260 500 2319 prorupta
511 2253 609 2303 uudociu
621 2253 673 2302 dic·
713 2251 764 2303 fuit
786 2253 866 2301 Silani
887 2223 1011 2317 vLepida3
1039 2256 1120 2319 igitur
1139 2254 1243 2303 siranus

144 2337 180 2379 ta.
209 2330 312 2392 Lipsius.
449 2390 451 2395 Ι
529 2351 549 2371 .-
668 2390 670 2395 ,
713 2326 763 2377 suit
784 2328 850 2375 filius
871 2327 960 2378 fratris
987 2332 1103 2393 Lepidae,
1127 2338 1242 2378 attamen

176 2403 338 2470 ‘proficeret
349 2406 478 2458 rationibus
486 2412 510 2456 et
520 2405 615 2468 libellis]
639 2405 673 2454 ll·
713 2404 801 2466 potuit
818 2417 875 2452 esse
895 2405 961 2453 ulter
980 2404 1061 2459 frater
1078 2405 1195 2468 Lepida,
1214 2411 1242 2454 et

140 2481 186 2529 lud
204 2482 242 2529 his
259 2482 344 2530 verbis
363 2481 531 2545 significatur,
548 2481 672 2546 quodlib.
713 2479 793 2526 etiam
803 2480 870 2527 alter
880 2478 947 2527 filius
956 2479 1057 2528 fratris:
1075 2481 1102 2529 in
1112 2483 1194 2543 ipsum
1204 2480 1243 2529 si-

142 2556 277 2619 superiore
297 2557 397 2618 planius
415 2557 531 2619 tradidit,
542 2555 618 2604 tuisse
629 2557 673 2604 ob·
713 2554 800 2601 lanum
817 2553 914 2602 crimen
934 2552 993 2617 fuit,
1004 2556 1050 2605 sed
1068 2557 1137 2604 inune
1156 2561 1180 2604 ot
1191 2555 1242 2614 sol·

137 2629 241 2695 jectum
252 2631 385 2694 Torquato
397 2632 492 2691 Silano,
506 2631 592 2694 ‘qnod
604 2631 673 2679 nobi·
713 2645 774 2678 sum.

141 2707 182 2754 les
193 2704 310 2766 baberet,
327 2721 389 2769 quos
409 2707 441 2754 ab
461 2707 589 2769 epistolis,
606 2713 634 2755 et
644 2707 672 2754 li·
745 2701 858 2767 tutus]
873 2704 939 2753 Tum
952 2704 1243 2756 Christianorumcoeuu
1334 2737 1337 2742 ,

142 2779 229 2840 bellis,
247 2786 274 2827 ct
292 2780 433 2830 rationibus
451 2783 611 2844 appellaret:
629 2795 674 2830 no·
713 2779 869 2830 accusabant
885 2779 987 2841 incesti,
1006 2779 1110 2831 nefandi
1124 2782 1243 2831 concubi·

141 2856 213 2904 mina
233 2862 261 2905 et
278 2855 463 2908 meditamenta
474 2872 578 2908 summa
589 2858 673 2908 curae!
712 2862 765 2917 tus,
782 2854 945 2919 infanticidii,
965 2859 1015 2906 &c
1048 2856 1156 2906 Tertull.
1175 2856 1244 2920 Apo-

143 2930 280 2980 Feruettus.
712 2932 764 2993 lug.
781 2931 842 2978 ‘De
853 2930 928 2979 nobis
939 2931 1003 2978 nibil
1019 2931 1072 2979 tale
1089 2930 1244 2995 exquiritur,

177 3005 362 3064 ‘Cumsrutris
364 3005 432 3070 filio]
452 3005 553 3070 Nempe
565 3022 623 3056 cum
634 3006 672 3069 ip·
713 3021 771 3054 cum
800 3023 873 3069 aeqne
902 3014 1058 3071 extorquere
1088 3007 1244 3070 oportuerit,
1287 3069 1292 3078 ι
1327 3035 1331 3045 -

143 3095 173 3130 so
193 3080 331 3143 leitilane,
351 3097 366 3130 a
385 3099 434 3146 quo
456 3084 564 3131 crimine
586 3090 673 3130 tamen
713 3081 893 3144 quodcumque
911 3081 978 3128 falso
1001 3081 1128 3142 jactatur.
1172 3081 1244 3130 Quot

143 3155 235 3219 procul
245 3156 336 3204 aberat
352 3158 513 3224 severissima
531 3159 613 3206 Cassii
625 3157 674 3204 dis·
714 3157 822 3222 quisque
834 3157 994 3206 infanticidia
1005 3157 1060 3220 jam
1071 3157 1244 3221 degustasset,

144 3229 241 3293 ciplina
251 3231 376 3280 educatus
390 3233 494 3295 juvenis
513 3241 541 3280 et
560 3231 672 3292 familia3
713 3227 777 3295 quot
788 3233 888 3282 incesta
899 3233 1116 3296 concelebrasset,
1126 3232 1171 3298 qui
1179 3233 1245 3298 coci,

144 3304 193 3354 sed
204 3305 260 3368 ipsa
271 3307 362 3369 virtus,
374 3315 401 3357 et
417 3323 450 3358 ex
461 3309 557 3358 virtute
569 3308 675 3357 claritu·
713 3308 757 3372 qui
769 3323 846 3356 canes
861 3306 1018 3357 affuissent?

144 3379 180 3428 do
199 3395 323 3430 summum
342 3382 440 3431 crimen
459 3382 510 3432 fuit
528 3383 625 3434 Silani:
643 3397 674 3432 ca
745 3381 830 3444 Diros]
849 3383 950 3446 Nempe
968 3384 1011 3431 vel
1029 3382 1179 3434 Judaeorum
1200 3384 1244 3434 vel

143 3453 198 3504 suit
208 3455 321 3516 conditio
333 3463 485 3521 temporum.
715 3459 929 3521 Christianorum,
937 3467 964 3509 et
975 3460 1001 3516 bi
1013 3460 1078 3512 ritus
1090 3475 1123 3509 eo
1135 3475 1191 3509 aevo
1201 3473 1245 3510 aa·

177 3526 303 3578 Attamen
315 3531 397 3594 ipsum
409 3533 522 3582 Silanum
536 3546 586 3581 non
598 3547 674 3581 accu·
714 3535 798 3583 cnsati
818 3535 928 3584 criminis
942 3535 1058 3598 pinsendi,
1078 3552 1128 3586 nec
1151 3537 1244 3598 unius3

145 3605 271 3655 antistius
281 3607 394 3655 oriminis
406 3609 486 3669 Nero,
499 3609 612 3673 quamvis
624 3608 676 3656 alia
714 3607 824 3673 ideoque
835 3608 904 3659 forte
921 3612 986 3659 diros
1004 3616 1096 3672 vocat;
1116 3612 1164 3661 nisi
1174 3611 1245 3667 forte

144 3682 254 3732 crimina
263 3683 399 3733 admodum
407 3698 473 3748 vaga
483 3685 532 3748 ipsi
544 3685 674 3748 objectet:
713 3686 808 3746 mugioo
815 3701 883 3739 sucro
893 3686 1009 3749 objectat
1020 3686 1130 3738 toeminae
1142 3689 1183 3737 vel
1193 3688 1245 3750 ipsi

145 3758 215 3808 unde
235 3759 320 3822 colligi
340 3760 430 3822 possit,
441 3761 482 3808 liic
496 3759 564 3809 forte
582 3761 624 3822 agi
642 3761 675 3808 de
714 3761 813 3815 Silano.

145 3834 230 3882 altero
248 3833 302 3882 filio
322 3833 422 3896 fratris,
442 3836 467 3882 in
485 3849 561 3898 quem
573 3850 675 3898 suspec-
746 3835 755 3868 ¹
773 3835 894 3885 Vulootius
907 3835 1023 3901 Tullinus]
1040 3836 1134 3896 Credo,
1151 3836 1245 3886 Tertul-

146 3909 198 3959 tari
209 3911 291 3958 voluit
302 3925 408 3958 uxorem
420 3911 517 3960 Cassii:
536 3911 577 3960 hic
589 3919 675 3961 tamen
714 3912 794 3959 linus:
809 3911 1001 3974 supervixitque
1022 3911 1054 3958 ad
1069 3908 1244 3973 principatum

131 3983 271 4034 'educatus
283 3984 350 4046 apud
363 3985 479 4034 Cassium
489 3985 581 4036 fuerat
601 3988 676 4034 Vana
715 3986 877 4049 Vespasiani.
894 3987 1071 4037 Bistoniis.
1087 3987 1096 4014 ‘
1107 3984 1244 4034 Vulcatius

145 4075 188 4110 res
197 4060 222 4108 in
232 4060 317 4110 medio
327 4063 368 4111 sit.
714 4063 872 4112 Tertullinus
889 4062 1007 4112 tribunus
1017 4059 1105 4126 plebei
1122 4059 1245 4110 interccs·

182 4136 410 4201 Gumsmtrisfitio]
426 4136 467 4187 An
485 4152 543 4186 cunr
561 4138 618 4201 ipso
637 4137 675 4186 si·
715 4137 769 4188 sit.'
800 4137 906 4202 [optim

145 4213 225 4265 lauet
248 4211 336 4264 Amiu
353 4227 425 4262 soror
442 4214 533 4278 patris,
552 4221 580 4266 et
597 4213 677 4263 amite
