2984 4850
149 335 290 400 nom}
495 327 700 411 uuuunrnu
725 328 799 378 nra.
823 329 905 377 xiv.
1165 315 1254 382 17³⁶

148 473 438 559 impedientibus?
461 473 519 555 qni
548 470 705 534 occulto¹⁰
731 469 921 534 rebellionis
947 469 1084 549 conscii,
1113 470 1255 536 consina

148 639 263 701 religione
285 654 313 688 ne
333 638 461 686 sanctitate
477 637 568 686 delubri
584 651 609 685 se
628 637 780 694 tutelarum,-
805 640 828 684 et
844 634 1056 692 rerumrerum,
1075 634 1255 699 qnipartieipu

148 708 245 754 semtoe
255 701 395 762 deiectionis
405 701 500 750 eoudliu
510 701 697 764 corrumpebant,
707 715 779 763 aeque
787 703 862 749 locum
877 701 937 750 collo
945 703 988 747 out
996 713 1085 760 oggere
1094 701 1253 764 mmmmm,

613 847 791 867 ‘OO‘ONOOOOO

149 928 247 972 nnntnr
257 922 425 986 negligentiae
437 927 465 970 et
476 922 583 972 incuriae
595 923 702 972 istorum
717 922 842 979 militum3
859 920 928 982 quod
939 933 1025 983 neque
1042 918 1136 967 fossam
1147 923 1193 967 aut
1202 918 1255 967 ral-

149 988 200 1035 lnm
209 989 495 1049 praeduuemnt‚tuteln
507 987 597 1051 templi
609 986 679 1048 freti,
689 1001 739 1036 nec
749 1001 826 1035 senes
837 992 864 1032 et
872 982 989 1033 foeminas
1002 988 1161 1040 amoverant,
1172 983 1253 1046 impe·

150 1050 279 1100 dientibus
287 1052 331 1116 qui
343 1052 439 1100 occulti
450 1051 598 1100 rebellionis
608 1051 703 1101 conscii
715 1050 822 1105 consilia
832 1048 982 1098 turbabant.
1000 1049 1052 1096 Per
1062 1049 1160 1095 tutelone
1171 1048 1253 1110 templi

150 1115 269 1177 intelligo
280 1116 448 1176 munimenta,
465 1121 526 1164 ante
545 1115 613 1164 enim
633 1131 709 1164 urcem
725 1119 819 1163 retento
829 1112 996 1161 dominationis
1012 1117 1098 1169 vocat,
1116 1111 1166 1158 nisi
1178 1111 1253 1162 malis

152 1193 207 1226 cum
220 1179 277 1227 viro
291 1178 368 1229 docto
380 1179 526 1241 intelligere
539 1187 640 1242 septum
653 1187 681 1228 et
691 1179 801 1242 aliquam
812 1191 863 1225 non
875 1175 961 1238 magni
977 1175 1064 1239 operis
1074 1175 1253 1233 monitionem,

151 1257 183 1290 ex
194 1244 314 1298 Varrone
324 1245 342 1292 l.
354 1257 373 1291 r.
390 1247 430 1292 lt.
442 1244 475 1291 de
485 1244 517 1294 R.
535 1244 566 1292 R.
607 1244 773 1308 Rycliuee-tl
785 1242 817 1290 ln
836 1242 902 1289 Mus.
922 1241 989 1301 Reg.
1007 1238 1086 1287 Corb.
1098 1243 1126 1286 et
1137 1238 1253 1287 editione

152 1307 279 1371 principe,
286 1307 543 1358 inobedientium-210
555 1307 618 1356 Mss.
628 1309 693 1371 Reg.
704 1307 779 1356 Harl.
786 1305 864 1355 Bodl.
871 1304 889 1356 J
892 1319 927 1353 es.
938 1310 966 1352 et
975 1304 1253 1365 Pureotaouaomnae.

647 1449 754 1500 NorAE

181 1561 247 1610 Nam
259 1563 380 1612 nexillorii
390 1568 465 1614 erant
482 1563 591 1627 alicujus
602 1562 681 1626 legio·
720 1561 887 1625 negligentiae
908 1566 936 1610 et
953 1560 1060 1609 incuriae
1072 1566 1254 1609 veteranorum

151 1637 187 1685 nis
197 1636 327 1699 vexillarii,
338 1644 365 1687 at
375 1640 480 1692 veterani
497 1639 591 1688 nulline
602 1639 688 1701 legio,
720 1640 838 1699 istorum,
865 1652 974 1703 quarum
1007 1639 1116 1702 singulte
1148 1639 1255 1702 singulis

151 1714 189 1762 nis
200 1720 291 1774 erent3
308 1713 354 1764 sed
366 1714 535 1778 alogionibus
553 1721 581 1764 et
592 1715 681 1778 aquilis
720 1711 858 1763 effectibus
870 1713 1037 1775 respondent.

151 1787 269 1838 discreti:
299 1797 327 1838 et
349 1789 392 1838 isti
417 1790 553 1838 merebant
578 1789 680 1838 omnium
753 1790 869 1852 ‘Neque
888 1787 984 1838 fossam
1005 1798 1051 1838 aut
1071 1791 1167 1838 vallum
1187 1804 1256 1853 pror-

151 1875 283 1912 munerum
305 1864 368 1914 belli
386 1865 507 1926 immunes,
524 1868 681 1927 preterquam
720 1864 877 1924 duxerunt3'
903 1879 1008 1928 nempe,
1034 1867 1146 1916 ‘tutela
1164 1866 1256 1928 templi

148 1940 297 2001 propulsandi
307 1940 382 1989 boetis
393 1940 468 1989 asuis
481 1939 615 2003 praesidiis.
718 1939 792 2001 freti,
803 1954 888 2004 neque
899 1940 976 1989 motis
987 1940 1109 2002 senibne,’
1124 1945 1172 1990 &a
1184 1957 1256 1991 nem·

180 2013 217 2062 At
227 2015 361 2077 vexillarii,
378 2029 460 2080 neque
472 2015 581 2078 emeriti,
597 2029 680 2080 neque
720 2031 763 2082 pe,
788 2016 1009 2081 ‘impedientibus
1026 2018 1070 2082 qui
1086 2019 1197 2068 occultre
1216 2033 1255 2066 re-

150 2089 273 2138 immunes
285 2103 390 2140 onerum
411 2091 481 2153 belli,
500 2092 576 2140 immo
589 2092 681 2141 selecti
720 2094 840 2144 bellionis
858 2093 955 2144 conscii
967 2094 1077 2144 consilia
1095 2093 1254 2145 turbabant?

151 2173 176 2212 et
187 2164 314 2228 expediti,
332 2166 366 2215 ad
385 2167 471 2214 munia
483 2165 640 2229 difficiliore,
652 2172 681 2217 et
719 2169 907 2218 Freinshemius.

150 2239 173 2287 in
194 2247 281 2289 amota
299 2241 357 2290 loca
378 2247 455 2306 etque
473 2241 505 2290 ad
524 2242 680 2307 longinquus
755 2244 851 2307 intera]
868 2244 954 2294 Video
970 2259 1023 2295 non
1040 2259 1128 2294 omnes
1149 2261 1254 2310 capere,

149 2316 327 2380 expeditiones
337 2319 516 2368 mittebantur.
719 2327 749 2370 ut
760 2320 915 2385 oportebat:
932 2321 975 2370 bic
990 2328 1093 2384 septum
1108 2327 1159 2384 est,
1170 2329 1199 2372 et
1209 2323 1255 2372 ali·

179 2395 277 2445 Modico
295 2395 411 2461 militum]
438 2395 566 2447 Veteranos
585 2395 680 2447 intelli·
719 2410 771 2461 qua
788 2408 838 2445 non
857 2397 944 2461 magni
955 2397 1041 2461 operis
1060 2397 1178 2450 munitio.
1210 2399 1254 2449 Sie

149 2474 194 2536 git,
205 2474 249 2539 qui
261 2489 292 2523 eo
304 2474 411 2524 deducti
427 2482 503 2525 erant
514 2474 563 2547 sub
575 2476 681 2538 vexillo,
719 2472 804 2521 Varro
815 2473 836 2521 l.
852 2484 873 2522 1.
885 2473 918 2521 de
931 2487 960 2522 re
972 2479 1036 2523 rust.
1047 2477 1089 2523 14.
1105 2474 1113 2501 ‘
1125 2474 1152 2524 N
1154 2489 1205 2524 nno
1220 2473 1253 2523 de

148 2549 187 2597 vel
201 2548 318 2612 pluribus
330 2550 441 2611 vexillis,
461 2564 510 2614 pro.
525 2565 596 2602 more
613 2550 679 2599 mili·
719 2548 884 2612 sceptraque
902 2548 1006 2597 tutandi
1025 2546 1189 2599 consciendi
1207 2558 1253 2600 snt

148 2624 190 2672 tiae
205 2624 280 2689 hujus
298 2623 358 2689 oesi,
376 2639 479 2689 nempe,
498 2622 552 2675 nt‘
566 2626 678 2675 omnium
719 2622 883 2690 permitiunt,
894 2623 988 2673 dicam.
1005 2626 1102 2673 Earum
1113 2625 1254 2675 tutelarum

147 2700 271 2750 immunes
293 2706 411 2765 agerent,
439 2700 487 2750 nisi
512 2700 678 2765 propulsandi
719 2698 959 2764 geoeraquatuor:
994 2699 1136 2751 Gronovius.

147 2776 241 2825 hosne!
560 2768 564 2777 “
754 2776 838 2825 llrtelo
849 2775 942 2839 templi]
958 2776 1048 2825 Possit
1059 2774 1129 2826 forte
1140 2778 1253 2843 intelligi

177 2852 274 2902 Modica
285 2846 400 2915 militnm]
417 2851 539 2915 vertunt,
550 2853 621 2917 quasi
634 2852 677 2902 olii
718 2854 753 2903 de
790 2852 986 2918 propugnaculo
1012 2867 1058 2902 seu
1085 2853 1251 2907 munimentis

146 2928 240 2976 milites
259 2933 347 2977 essent
365 2943 381 2978 a
400 2928 537 2993 veteranis,
549 2929 618 2993 quod
633 2928 679 2978 fal·
708 2923 828 2994 templi,
848 2930 894 2979 sed
915 2929 976 2993 quia
997 2928 1068 2977 nullo
1088 2943 1184 2992 aggere
1207 2937 1253 2977 unt

145 3018 215 3065 eum;
231 3004 282 3053 huc
293 3004 362 3053 enim
374 3004 491 3066 deducti,
504 3011 532 3054 et
543 3004 579 3054 ibi
591 3020 678 3055 mane·
716 3005 787 3057 fonsa
796 3006 921 3054 vallatum
931 3004 1055 3067 templum
1067 3001 1147 3051 fuisse
1158 3003 1253 3052 scribit

147 3076 207 3126 bant
217 3077 332 3139 celerari,
342 3076 399 3129 fere
411 3079 466 3128 solo
477 3079 602 3142 religione
613 3085 677 3129 tem·
716 3085 832 3144 Tacitus,
842 3082 929 3145 potina
941 3085 991 3140 est,
1003 3086 1033 3128 ut
1041 3078 1097 3128 fere
1106 3085 1207 3128 tantum
1219 3081 1252 3128 de

147 3152 181 3215 pli
203 3154 339 3203 Claudiani
356 3152 430 3215 freti,
450 3154 509 3218 quia
527 3154 675 3205 munienda
720 3159 861 3209 sanctitate
872 3164 901 3205 et
912 3154 1036 3218 religione
1055 3152 1107 3203 loci
1126 3152 1253 3219 intelliga-

145 3225 587 3297 coloniaenon'satisconsuluerant.
720 3242 772 3286 tur.
1220 3243 1222 3258 ¹

176 3304 248 3354 Dicit
258 3303 359 3369 modica,
370 3306 431 3370 quia
448 3304 517 3356 forte
532 3320 585 3356 non
603 3311 678 3356 eraut
753 3312 788 3361 Et
799 3308 914 3376 quamvis
925 3320 972 3357 orn
982 3312 1078 3357 aima
1087 3305 1255 3356 dominationis

146 3381 253 3445 amplius
276 3397 352 3447 quarn
380 3382 514 3449 quingenti
551 3382 599 3433 sub
627 3396 678 3432 uno
720 3388 877 3451 appelletur,
893 3385 919 3433 id
938 3384 1024 3448 potius
1035 3383 1070 3432 ob
1087 3382 1253 3433 altitudinem

147 3471 236 3521 nempe
249 3458 355 3523 vexillo,
366 3467 396 3509 ut
414 3459 477 3509 olibi
493 3458 614 3520 Tacitus3
632 3466 678 3509 aut
719 3461 834 3525 edificii,
851 3462 893 3510 uel
909 3465 1018 3524 propter
1036 3458 1189 3522 religionem
1209 3472 1255 3507 no-

146 3541 215 3582 certe
227 3548 277 3583 non
295 3548 329 3583 eo
349 3550 467 3595 numero,
484 3535 528 3600 qni
545 3534 678 3585 sufficeret
717 3553 776 3587 vam
795 3543 823 3587 et
839 3536 968 3585 insolitam
986 3539 1084 3597 augent
1100 3534 1188 3583 verbis
1198 3532 1256 3583 Bri·

146 3610 248 3659 colonie
259 3609 364 3661 tuenda
373 3612 496 3661 adversus
508 3617 549 3661 tot
558 3611 676 3661 rebelles.
719 3612 810 3673 tenni3
826 3612 868 3660 rel
880 3625 927 3673 per
938 3607 1073 3672 invidiam,
1081 3623 1158 3674 quiam
1176 3624 1255 3673 prop-

176 3692 187 3718 '¹
214 3688 313 3749 llluuus,
335 3686 411 3737 tutelo
428 3688 510 3751 templi
526 3687 599 3746 freti.
643 3687 678 3735 Et
719 3695 761 3739 ter
780 3688 832 3737 vim
852 3686 914 3748 loci,
935 3686 996 3749 qnia
1013 3685 1057 3734 nbi
1076 3685 1168 3749 religio
1178 3686 1253 3735 Rom.

146 3760 335 3827 impedientilps]
363 3761 482 3825 Apparet
501 3777 535 3811 ex
557 3762 605 3811 lrac
628 3762 679 3810 dis·
718 3764 827 3814 lundata
839 3761 953 3825 templis,
964 3768 992 3810 et
1007 3761 1153 3824 praesertim
1166 3760 1254 3809 Caesa·

147 3834 278 3899 tinctione,
298 3852 400 3885 sensum
420 3838 533 3887 auctoris
552 3838 678 3887 haetenus
719 3840 765 3902 ris,
781 3839 817 3888 ibi
834 3836 948 3887 etiemiu
971 3843 1126 3901 perpetuum
1146 3832 1255 3883 tirndata

147 3918 275 3961 assecutos
286 3927 338 3961 non
348 3925 403 3961 esee
412 3912 535 3977 editores,
541 3913 602 3962 alias
610 3913 680 3962 enim
720 3915 891 3978 stabilitaque
902 3912 1042 3961 dominatio
1055 3916 1084 3959 et
1093 3925 1140 3959 orn
1149 3909 1255 3958 domiuu-

147 3986 181 4035 sic
202 3988 437 4051 interpunxissent:
465 4004 554 4038 munus.
596 3990 681 4039 Tutela
721 3991 794 4042 tionis
805 3988 926 4054 imposita
935 3988 1097 4037 censebatur.

147 4063 340 4135 templisreti,rt
353 4064 597 4129 impedientibus,trc.
753 4069 814 4119 Non
837 4080 954 4129 repugno
977 4071 1063 4113 tamen
1082 4058 1146 4126 quin
1167 4058 1260 4133 ulique⁸

176 4140 306 4191 Nimirum
318 4140 378 4191 dum
398 4155 482 4192 causae
499 4145 681 4209 proponuntur
719 4147 795 4200 nitela
817 4150 958 4207 atcumque
982 4138 1073 4203 templi
1097 4134 1187 4202 inerit,
1204 4137 1253 4190 'sed
