2984 4850
92 394 244 469 neon]
456 388 663 441 sensurum
688 390 762 437 nrn.
785 389 868 437 xvr.
1125 374 1225 443 2093.

111 534 225 600 habitu
239 516 378 615 maciem
393 531 576 599 cecinerat:
599 533 654 597 die
664 553 810 618 quoque,
822 552 890 618 qno
898 532 1030 599 Praetor
1041 530 1218 619 Antistius,
1269 548 1271 552 ’

111 637 157 699 ob
166 636 287 719 probra
300 636 338 699 in
353 634 522 699 Neronem
535 636 738 719 composita,
763 635 808 699 ad
825 641 966 700 mortem
988 634 1217 713 damnabatur,

111 736 257 801 mitiora
271 736 396 801 censuit
411 736 637 820 obtinuitque:
660 745 703 817 et,
730 757 806 802 cum
820 737 946 803 Deum*
957 731 1112 802 honores‘
1124 736 1217 820 Pop-

112 898 162 947 tius
169 902 261 961 pretor
269 896 419 955 obsuetitoto
429 896 454 945 in
468 897 584 954 Neronem
600 896 710 959 probroso
723 895 838 945 carmina
847 896 946 960 capitoli
961 897 1074 960 supplicio
1092 897 1219 948 damnabo·

112 968 162 1026 tur,
185 964 295 1011 leniorem
313 962 453 1011 sententium
468 962 569 1025 promit
593 962 704 1023 Thrasea,
717 960 846 1025 euicitqtre:
862 966 891 1011 et
906 976 959 1010 cum
974 963 1076 1010 celestes
1093 962 1220 1025 seligimus

575 1086 756 1107 nunaunt

112 1168 211 1220 addita.
228 1170 351 1225 Brctiem
362 1169 405 1233 qui
416 1170 498 1219 utitur
510 1167 680 1233 diphthongo,
691 1168 794 1218 eleaticis
801 1184 812 1227 ,⁰
822 1170 851 1218 et
867 1168 904 1219 sic
915 1170 1102 1220 idumeum-8
1119 1170 1151 1219 In
1163 1170 1217 1220 Bu·

112 1234 297 1284 densndditur
307 1240 459 1285 orontes-4
477 1235 519 1283 Ita
532 1235 583 1285 Ms.
600 1233 669 1285 Bnd.
684 1234 822 1284 Rhenanus
832 1239 860 1283 et
868 1236 1034 1285 recentiores.
1066 1236 1130 1285 Mes.
1141 1235 1217 1290 llurl,

613 1368 722 1431 NOTAE

115 1496 152 1551 cis
162 1498 253 1551 ferreis
264 1518 270 1562 ;
280 1509 343 1565 q'nns
350 1504 467 1567 menopote
477 1502 644 1567 appellamus,
716 1502 753 1551 Et
763 1500 832 1568 quod
854 1502 935 1567 magis
955 1501 982 1552 in
1001 1500 1115 1552 'thrones
1124 1502 1218 1555 miran-

114 1577 187 1641 qunsi
215 1578 340 1642 monentia,
364 1587 518 1629 armaturam
546 1576 645 1629 manns.
685 1578 916 1644 dnm‚tragoediam
936 1580 1038 1643 egit‚ut
1054 1595 1109 1630 mos
1123 1581 1219 1630 illisln·
1246 1630 1250 1638 ,

114 1652 191 1701 Unde
200 1652 333 1717 detegitur
343 1669 416 1703 error
432 1669 529 1714 eorum,
548 1655 591 1718 qui
602 1667 645 1702 vo·
685 1652 723 1701 dis
733 1660 807 1714 erst3
828 1655 903 1717 cujus
914 1656 942 1703 in
953 1656 1059 1703 Nerone
1075 1655 1169 1705 Dionis
1177 1668 1218 1705 as·

113 1728 172 1781 lunt
183 1742 227 1778 eos
235 1728 380 1779 constitisse
388 1729 646 1792 clavscorrigiisqnc,
684 1734 768 1776 sertor
777 1728 936 1790 xiphilinus.
960 1728 1108 1779 Vennonius.

113 1804 169 1852 sive
190 1802 251 1853 loris
271 1812 298 1851 et
320 1805 380 1866 pilis
407 1802 549 1867 plumbeis:
578 1803 646 1851 inter
717 1802 801 1851 Immo
814 1802 1017 1867 Xysticis3quod
1026 1804 1052 1851 in
1061 1804 1218 1869 tectaporti·

115 1892 179 1942 qnos
197 1879 230 1929 V.
242 1879 273 1927 C.
285 1878 406 1940 anauns
418 1879 450 1928 ad
468 1878 535 1927 Arm.
551 1877 645 1927 Taciti.
686 1882 718 1927 c'u
738 1871 944 1927 celebrarentur.
977 1879 1021 1927 De
1049 1878 1133 1941 Xysto
1158 1880 1219 1930 vide

115 1964 174 2003 xv1.
186 1953 263 2004 Laut.
281 1954 420 2018 Pignorius
434 1954 459 2003 in
479 1953 580 2017 Origin.
593 1953 645 2002 Pa·
686 1952 834 2001 Vitruvium
846 1939 892 2003 tib.
903 1966 940 2002 vr.
952 1952 984 2001 de
1001 1952 1117 2017 Xysticis
1135 1959 1219 2003 certu-

115 2028 219 2079 tuvinis.
364 2022 367 2027 “
687 2028 810 2089 tionibus,
819 2027 968 2094 Suetonium
976 2028 1046 2093 Aug.
1065 2030 1170 2079 Grotius.

146 2104 190 2153 De
200 2104 237 2153 his
246 2103 312 2154 ludis
318 2104 439 2167 Virgiliis
447 2112 473 2154 et
481 2096 577 2154 Statius
586 2104 647 2153 scri·
719 2102 787 2155 Quia
798 2104 824 2152 in
836 2105 898 2163 Mes.
910 2110 951 2152 est
962 2104 1068 2163 cetastis,
1086 2104 1146 2167 lego
1157 2104 1220 2154 ludis

118 2179 194 2241 bunt,
217 2194 280 2244 qnos
294 2182 432 2245 pugillares
448 2180 536 2230 dicere
552 2179 646 2242 possis,
685 2181 826 2231 lsetostictt.
845 2181 913 2229 Num
923 2181 1221 2247 etininscript.sntiqne

46 2264 52 2271 '
115 2269 175 2319 curn
195 2255 222 2305 in
239 2256 289 2305 illis
307 2257 407 2320 pugiles
418 2267 538 2304 mannum
548 2255 663 2319 palmas¹
686 2256 803 2306 occurrit
812 2253 947 2305 certaminis
956 2255 1076 2306 Selostiei.
1097 2258 1220 2307 Testatur

116 2331 231 2383 cestibus
268 2332 362 2382 nemeti
392 2338 532 2389 certarent,
558 2345 647 2379 manus
685 2334 820 2383 Vitruvius
848 2334 923 2383 initio
948 2336 994 2385 lib.
1023 2348 1066 2383 rx.
1091 2335 1219 2384 nobilibus

115 2407 221 2473 plumbo
233 2425 325 2472 graves
335 2408 378 2458 alii
389 2409 416 2458 ln
427 2408 492 2458 elios
505 2408 648 2471 jactantes,
686 2408 811 2472 diffletis,
829 2410 1029 2474 Olympionieis,
1049 2409 1220 2474 Pythionicis,

114 2490 147 2534 nt
166 2491 206 2534 est
226 2485 295 2549 apud
316 2485 440 2534 Senecam
461 2484 493 2534 sd
513 2485 649 2534 Lucilium.
686 2484 873 2547 Isthmionicis‚
890 2485 1053 2534 Nemeonicis
1069 2500 1219 2537 concessum

114 2560 242 2610 Mannum
260 2571 323 2609 tero
342 2567 447 2624 tegmen
459 2564 585 2622 etergore
596 2558 649 2620 pri·
688 2557 768 2607 fuisse
780 2559 805 2607 in
817 2558 931 2620 Grecis,
939 2573 991 2607 non
1002 2559 1078 2610 modo
1087 2567 1116 2610 ut
1129 2560 1220 2610 diebus

113 2633 231 2684 moribus
251 2635 353 2684 Graecis
370 2634 520 2698 Latinisque
540 2631 650 2694 fuctum,
689 2633 838 2682 solennibus
849 2647 945 2683 corone
963 2635 989 2682 in
1003 2636 1219 2698 capite‚pnlmnm

114 2707 212 2758 deinde
224 2708 381 2772 plumbeum,
398 2715 485 2758 cestus
501 2722 594 2758 nomen
604 2708 649 2756 ha·
688 2723 766 2758 mann
777 2715 924 2772 gestarem:
942 2709 988 2758 sed
1001 2711 1088 2773 etium,
1103 2717 1133 2760 nt
1143 2711 1220 2760 redu-

116 2784 186 2846 hnit,
198 2788 306 2833 erectore
317 2783 443 2846 Pompeio
451 2783 498 2833 lib.
507 2797 552 2832 nr.
569 2808 570 2812 =
689 2800 733 2835 ecs
744 2787 772 2833 'rn
783 2785 893 2848 petriam
913 2785 995 2834 instar
1006 2787 1129 2850 triumphi
1148 2787 1220 2838 inve·-

146 2859 189 2908 Ex
200 2873 251 2922 qno
262 2858 327 2907 licet
338 2859 477 2908 observare
489 2865 650 2911 veterescet·
688 2860 821 2925 herentnr,
831 2875 909 2925 snper
920 2867 1050 2910 murorum
1063 2868 1162 2924 portem
1175 2862 1221 2911 de·

114 2939 166 2996 tce,
176 2934 232 2982 sine
241 2933 403 2997 diphthongo
419 2934 560 2999 scripsisse,
571 2943 601 2985 ut
609 2943 649 2988 est
684 2937 794 3001 jectam,
821 2937 968 3000 quadrigis:
994 2937 1063 2984 unde
1091 2934 1221 2993 eluimur

116 3009 186 3074 apud
197 3009 254 3058 Cic.
263 3022 296 3058 rr.
311 3008 416 3059 densent.
688 3014 757 3076 apud
767 3013 881 3061 Plinium
890 3011 935 3058 tib.
949 3023 978 3060 x.
986 3010 1064 3072 epist.
1074 3015 1131 3058 119.

150 3085 649 3137 Ceterumnisimutatumsaecnlismnl-
722 3083 1231 3149 Dequibusludisvidendns'lurnehns'

115 3160 149 3210 tis
162 3160 279 3210 ludorum
299 3159 407 3210 formum
425 3161 525 3221 credes,
541 3160 603 3222 qnid
615 3161 648 3208 ed
688 3160 758 3210 Adv.
771 3157 1222 3223 r.19.etxuvrr.t5.FcberinAgc·

115 3249 173 3284 rem
196 3235 340 3285 Cestiomum
360 3235 426 3286 facit
441 3236 649 3299 babitusTregi·
688 3237 749 3285 nist.
769 3249 800 3285 rr.
818 3241 843 3286 o.
862 3245 891 3284 et
907 3239 946 3284 10.
965 3234 1087 3284 Claudius
1099 3235 1222 3286 Minosin

116 3311 414 3377 conquerithteiatue
687 3311 811 3362 Plinium.

150 3387 206 3450 Ego
227 3389 371 3452 respondeo
390 3388 465 3438 ludos
488 3389 513 3438 in
533 3403 650 3454 quosque
722 3387 817 3438 retest
839 3386 987 3450 verisimile,
1005 3386 1107 3436 fabulas
1120 3401 1223 3452 quoqne

116 3475 189 3512 xxx.
201 3477 281 3512 annos
293 3464 382 3514 abillo
397 3465 530 3515 Antenore
549 3466 651 3514 institu·
689 3463 736 3512 hac
747 3465 884 3512 occasione
896 3453 1012 3523 tetemet
1020 3465 1168 3526 spectacula
1179 3466 1234 3512 exi

116 3543 171 3598 tos,
184 3538 228 3601 qni
240 3540 391 3588 Patauinum
407 3541 527 3590 condidit
549 3540 650 3602 urbem,
689 3534 770 3587 hibita
787 3539 900 3602 plurium
916 3552 1050 3602 generum,
1062 3545 1092 3586 nt
1102 3535 1223 3588 referunt

116 3612 185 3660 etin
197 3626 251 3660 eos
273 3613 376 3677 quidem
392 3615 529 3664 Thraseam
540 3616 573 3666 ad
585 3631 650 3680 puga
690 3612 819 3676 Aprileins
830 3613 873 3662 tib.
889 3625 930 3662 ιι.
946 3618 975 3662 et
990 3609 1131 3662 Athenaeus
1140 3613 1184 3662 lib.
1196 3621 1224 3664 r.

116 3701 179 3736 nam
198 3702 250 3736 non
267 3689 450 3739 descendisset
474 3691 521 3740 ced
533 3693 574 3755 qni
586 3705 650 3740 nun·
690 3688 724 3737 de
733 3689 841 3751 Pompis
850 3701 939 3753 pertun
951 3687 1164 3738 differentibus..
1216 3703 1220 3709 ’

118 3776 198 3828 qrram
220 3762 246 3811 in
266 3765 330 3814 urbe
352 3766 483 3814 Neronem
499 3768 599 3816 cithare
610 3783 651 3815 cn·
725 3765 888 3814 Fortassiset
898 3765 966 3828 apud
978 3764 1130 3813 Suetonium
1138 3765 1165 3812 in
1176 3763 1226 3818 ce-

115 3842 368 3902 mencenenterius,
392 3857 477 3905 neque
504 3851 534 3893 nt
558 3843 651 3906 reliqui
692 3843 994 3906 lig.c.2o.legendum:
1011 3844 1133 3892 lusicih'a
1148 3841 1224 3904 Syre·

115 3929 207 3964 omncs
219 3916 276 3978 ejus
288 3932 370 3972 socrae
382 3917 438 3968 voci
450 3917 651 3978 sacrificaverat,
691 3917 754 3966 cums
777 3919 913 3967 -lutaseieor
937 3920 1012 3979 ludos,
1040 3932 1086 3980 pro
1112 3917 1223 3966 Mamor.

116 4006 205 4056 neque
232 3993 333 4042 ludicro
352 3995 471 4057 juvenali
495 3991 652 4042 interfuerat
692 3993 1071 4056 naar.Pignoritninongtn.

116 4081 242 4132 unquam,
260 4083 292 4117 eo
308 4069 358 4119 sibi
371 4071 501 4118 Neronem
511 4069 605 4119 iratum
616 4067 652 4116 t‘e·
724 4066 810 4118 ‘Cum
820 4069 1224 4133 Deemhtsorerfflxstinctal'op-
1303 4102 1315 4108 -

116 4142 166 4204 cit,
175 4141 244 4207 qnod
254 4143 556 4208 Patavitinpanistudis
567 4141 652 4206 offuit,
693 4159 760 4206 pen,
778 4146 866 4194 stetim
886 4145 911 4192 in
924 4145 1083 4192 adulationes
1097 4159 1143 4208 pro
1153 4149 1236 4194 mote'

117 4219 259 4284 spectarit.
414 4216 417 4221 “
692 4217 823 4291 ιαεξπᾱίῑ
836 4227 950 4284 serimus,
966 4226 994 4270 et
1004 4220 1104 4270 divinos
1114 4220 1226 4285 honoreus
