<?xml version="1.0" encoding="UTF-8"?>
<!DOCTYPE html PUBLIC "-//W3C//DTD XHTML 1.0 Transitional//EN"
    "http://www.w3.org/TR/xhtml1/DTD/xhtml1-transitional.dtd">
<html xmlns="http://www.w3.org/1999/xhtml" xml:lang="en" lang="en">
 <head>
  <title>
</title>
<meta http-equiv="Content-Type" content="text/html;charset=utf-8" />
  <meta name='ocr-system' content='tesseract 3.04.00' />
  <meta name='ocr-capabilities' content='ocr_page ocr_carea ocr_par ocr_line ocrx_word'/>
</head>
<body>
  <div class='ocr_page' id='page_1' title='image "./ccorneliitaciti03unkngoog_0110.png"; bbox 0 0 2984 4850; ppageno 0'>
   <div class='ocr_carea' id='block_1_1' title="bbox 238 345 1338 452">
    <p class='ocr_par' dir='ltr' id='par_1_1' title="bbox 238 345 1338 452">
     <span class='ocr_line' id='line_1_1' title="bbox 238 345 1338 452; baseline 0.005 -20"><span class='ocrx_word' id='word_1_1' title='bbox 238 371 325 446; x_wconf 70' lang='lat'><strong>1726</strong></span> <span class='ocrx_word' id='word_1_2' title='bbox 607 385 642 434; x_wconf 89' lang='lat' dir='ltr'><strong>o.</strong></span> <span class='ocrx_word' id='word_1_3' title='bbox 661 345 845 434; x_wconf 75' lang='lat' dir='ltr'><strong>conuersi</strong></span> <span class='ocrx_word' id='word_1_4' title='bbox 864 382 997 432; x_wconf 72' lang='lat' dir='ltr'><strong>sruorrr</strong></span> <span class='ocrx_word' id='word_1_5' title='bbox 1175 387 1223 452; x_wconf 71' lang='grc' dir='ltr'><strong>μ.</strong></span> <span class='ocrx_word' id='word_1_6' title='bbox 1234 386 1268 438; x_wconf 88' lang='lat' dir='ltr'><strong>u.</strong></span> <span class='ocrx_word' id='word_1_7' title='bbox 1280 390 1338 438; x_wconf 77' lang='lat' dir='ltr'><strong>,uu</strong></span> 
     </span>
    </p>
   </div>
   <div class='ocr_carea' id='block_1_2' title="bbox 202 527 1344 1120">
    <p class='ocr_par' dir='ltr' id='par_1_2' title="bbox 202 527 1344 1120">
     <span class='ocr_line' id='line_1_2' title="bbox 238 527 1340 612; baseline -0.005 -14"><span class='ocrx_word' id='word_1_8' title='bbox 238 535 364 609; x_wconf 67' lang='lat' dir='ltr'><strong>dentes</strong></span> <span class='ocrx_word' id='word_1_9' title='bbox 386 531 537 596; x_wconf 81' lang='lat' dir='ltr'><strong>novitate</strong></span> <span class='ocrx_word' id='word_1_10' title='bbox 572 535 733 612; x_wconf 82' lang='lat' dir='ltr'><strong>aspectus</strong></span> <span class='ocrx_word' id='word_1_11' title='bbox 761 529 969 611; x_wconf 78' lang='lat' dir='ltr'><strong>perculere³¹</strong></span> <span class='ocrx_word' id='word_1_12' title='bbox 988 527 1138 607; x_wconf 82' lang='lat' dir='ltr'><strong>milites,4</strong></span> <span class='ocrx_word' id='word_1_13' title='bbox 1165 533 1217 608; x_wconf 89' lang='lat' dir='ltr'><strong>ut,</strong></span> <span class='ocrx_word' id='word_1_14' title='bbox 1238 528 1340 611; x_wconf 83' lang='lat' dir='ltr'><strong>quasi</strong></span> 
     </span>
     <span class='ocr_line' id='line_1_3' title="bbox 237 629 1344 713; baseline -0.006 -13"><span class='ocrx_word' id='word_1_15' title='bbox 237 633 439 700; x_wconf 75' lang='lat' dir='ltr'><strong>haerentibus</strong></span> <span class='ocrx_word' id='word_1_16' title='bbox 463 631 634 708; x_wconf 62' lang='lat' dir='ltr'><strong>membris</strong></span> <span class='ocrx_word' id='word_1_17' title='bbox 660 630 830 696; x_wconf 89' lang='lat' dir='ltr'><strong>immobile</strong></span> <span class='ocrx_word' id='word_1_18' title='bbox 857 649 980 713; x_wconf 88' lang='lat' dir='ltr'><strong>corpus</strong></span> <span class='ocrx_word' id='word_1_19' title='bbox 1002 630 1196 694; x_wconf 81' lang='lat' dir='ltr'><strong>vulneribus</strong></span> <span class='ocrx_word' id='word_1_20' title='bbox 1212 629 1344 713; x_wconf 67' lang='lat' dir='ltr'><strong>praehe</strong></span> 
     </span>
     <span class='ocr_line' id='line_1_4' title="bbox 236 731 1339 814; baseline -0.004 -16"><span class='ocrx_word' id='word_1_21' title='bbox 236 739 317 798; x_wconf 88' lang='lat' dir='ltr'><strong>rent.</strong></span> <span class='ocrx_word' id='word_1_22' title='bbox 361 733 459 808; x_wconf 83' lang='lat' dir='ltr'><strong>Dein,</strong></span> <span class='ocrx_word' id='word_1_23' title='bbox 475 731 759 796; x_wconf 79' lang='lat' dir='ltr'>cohortationibus</span> <span class='ocrx_word' id='word_1_24' title='bbox 785 732 956 809; x_wconf 86' lang='lat' dir='ltr'><strong>Ducis,et</strong></span> <span class='ocrx_word' id='word_1_25' title='bbox 978 750 1017 794; x_wconf 81' lang='lat' dir='ltr'><strong>aa</strong></span> <span class='ocrx_word' id='word_1_26' title='bbox 1040 733 1109 814; x_wconf 84' lang='lat' dir='ltr'><strong>ipsi</strong></span> <span class='ocrx_word' id='word_1_27' title='bbox 1123 731 1339 807; x_wconf 85' lang='lat' dir='ltr'><strong>stimulantes,</strong></span> 
     </span>
     <span class='ocr_line' id='line_1_5' title="bbox 202 832 1341 915; baseline -0.003 -17"><span class='ocrx_word' id='word_1_28' title='bbox 202 901 205 908; x_wconf 73' lang='grc'>,</span> <span class='ocrx_word' id='word_1_29' title='bbox 236 854 278 898; x_wconf 92' lang='lat' dir='ltr'><strong>ne</strong></span> <span class='ocrx_word' id='word_1_30' title='bbox 306 835 462 898; x_wconf 81' lang='lat' dir='ltr'><strong>muliebre</strong></span> <span class='ocrx_word' id='word_1_31' title='bbox 491 838 525 897; x_wconf 88' lang='lat' dir='ltr'><strong>et</strong></span> <span class='ocrx_word' id='word_1_32' title='bbox 549 832 752 896; x_wconf 78' lang='lat' dir='ltr'><strong>fanaticum⁰</strong></span> <span class='ocrx_word' id='word_1_33' title='bbox 784 850 904 914; x_wconf 77' lang='lat' dir='ltr'><strong>agmen</strong></span> <span class='ocrx_word' id='word_1_34' title='bbox 938 838 1163 915; x_wconf 78' lang='lat' dir='ltr'><strong>pavescerent,</strong></span> <span class='ocrx_word' id='word_1_35' title='bbox 1199 832 1341 896; x_wconf 86' lang='lat' dir='ltr'><strong>inferunt</strong></span> 
     </span>
     <span class='ocr_line' id='line_1_6' title="bbox 236 932 1340 1018; baseline -0.004 -18"><span class='ocrx_word' id='word_1_36' title='bbox 236 935 342 1018; x_wconf 75' lang='lat' dir='ltr'><strong>signa,</strong></span> <span class='ocrx_word' id='word_1_37' title='bbox 356 938 566 1016; x_wconf 77' lang='lat' dir='ltr'><strong>sternuntque</strong></span> <span class='ocrx_word' id='word_1_38' title='bbox 581 934 712 1011; x_wconf 86' lang='lat' dir='ltr'><strong>obvios,</strong></span> <span class='ocrx_word' id='word_1_39' title='bbox 739 939 775 997; x_wconf 90' lang='lat' dir='ltr'><strong>et</strong></span> <span class='ocrx_word' id='word_1_40' title='bbox 799 933 869 1016; x_wconf 81' lang='lat' dir='ltr'><strong>igni</strong></span> <span class='ocrx_word' id='word_1_41' title='bbox 884 952 947 997; x_wconf 86' lang='lat' dir='ltr'><strong>suo</strong></span> <span class='ocrx_word' id='word_1_42' title='bbox 972 935 1172 998; x_wconf 69' lang='lat' dir='ltr'><strong>involvente</strong></span> <span class='ocrx_word' id='word_1_43' title='bbox 1216 932 1340 997; x_wconf 83' lang='lat' dir='ltr'><strong>Praesi·</strong></span> 
     </span>
     <span class='ocr_line' id='line_1_7' title="bbox 237 1034 1340 1120; baseline -0.002 -20"><span class='ocrx_word' id='word_1_44' title='bbox 237 1037 329 1101; x_wconf 92' lang='lat' dir='ltr'><strong>diurn</strong></span> <span class='ocrx_word' id='word_1_45' title='bbox 352 1037 494 1120; x_wconf 85' lang='lat' dir='ltr'><strong>posthae</strong></span> <span class='ocrx_word' id='word_1_46' title='bbox 517 1036 711 1120; x_wconf 82' lang='lat' dir='ltr'><strong>impositum</strong></span> <span class='ocrx_word' id='word_1_47' title='bbox 735 1037 884 1112; x_wconf 82' lang='lat' dir='ltr'><strong>victis‚⁵‘¹</strong></span> <span class='ocrx_word' id='word_1_48' title='bbox 914 1036 1091 1119; x_wconf 84' lang='lat' dir='ltr'><strong>excisique</strong></span> <span class='ocrx_word' id='word_1_49' title='bbox 1115 1035 1207 1112; x_wconf 73' lang='lat' dir='ltr'><strong>luci:</strong></span> <span class='ocrx_word' id='word_1_50' title='bbox 1239 1034 1340 1103; x_wconf 83' lang='lat' dir='ltr'><strong>saevis</strong></span> 
     </span>
    </p>
   </div>
   <div class='ocr_carea' id='block_1_3' title="bbox 131 1151 1342 1248">
    <p class='ocr_par' dir='ltr' id='par_1_3' title="bbox 131 1151 1342 1248">
     <span class='ocr_line' id='line_1_8' title="bbox 131 1151 1342 1248; baseline -0.003 -13"><span class='ocrx_word' id='word_1_51' title='bbox 131 1151 134 1158; x_wconf 22' lang='grc' dir='ltr'>ι</span> <span class='ocrx_word' id='word_1_52' title='bbox 238 1183 363 1234; x_wconf 59' lang='lat' dir='ltr'><strong>meuses</strong></span> <span class='ocrx_word' id='word_1_53' title='bbox 379 1198 433 1234; x_wconf 76' lang='lat' dir='ltr'><strong>sere</strong></span> <span class='ocrx_word' id='word_1_54' title='bbox 445 1184 580 1235; x_wconf 65' lang='lat' dir='ltr'><strong>selonites</strong></span> <span class='ocrx_word' id='word_1_55' title='bbox 598 1183 721 1248; x_wconf 78' lang='lat' dir='ltr'><strong>offerrent.</strong></span> <span class='ocrx_word' id='word_1_56' title='bbox 756 1185 819 1233; x_wconf 75' lang='lat' dir='ltr'><strong>Mos</strong></span> <span class='ocrx_word' id='word_1_57' title='bbox 828 1183 970 1232; x_wconf 73' lang='lat' dir='ltr'><strong>odbommte</strong></span> <span class='ocrx_word' id='word_1_58' title='bbox 988 1184 1139 1246; x_wconf 66' lang='lat' dir='ltr'><strong>imperdere,</strong></span> <span class='ocrx_word' id='word_1_59' title='bbox 1150 1187 1175 1231; x_wconf 81' lang='lat' dir='ltr'><strong>et</strong></span> <span class='ocrx_word' id='word_1_60' title='bbox 1188 1197 1214 1231; x_wconf 89' lang='lat' dir='ltr'><strong>se</strong></span> <span class='ocrx_word' id='word_1_61' title='bbox 1224 1181 1271 1244; x_wconf 78' lang='lat' dir='ltr'><strong>ipsi</strong></span> <span class='ocrx_word' id='word_1_62' title='bbox 1281 1181 1342 1231; x_wconf 69' lang='grc' dir='ltr'><strong><em>ἐκεῖ·</em></strong></span> 
     </span>
    </p>
   </div>
   <div class='ocr_carea' id='block_1_4' title="bbox 236 1245 1343 1444">
    <p class='ocr_par' dir='ltr' id='par_1_4' title="bbox 236 1245 1343 1444">
     <span class='ocr_line' id='line_1_9' title="bbox 236 1245 1343 1312; baseline -0.004 -14"><span class='ocrx_word' id='word_1_63' title='bbox 236 1252 323 1312; x_wconf 59' lang='lat' dir='ltr'><strong>ider,</strong></span> <span class='ocrx_word' id='word_1_64' title='bbox 332 1263 362 1298; x_wconf 86' lang='lat' dir='ltr'><strong>rre</strong></span> <span class='ocrx_word' id='word_1_65' title='bbox 372 1254 501 1300; x_wconf 72' lang='lat' dir='ltr'><strong>metuerent</strong></span> <span class='ocrx_word' id='word_1_66' title='bbox 517 1249 609 1298; x_wconf 81' lang='lat' dir='ltr'><strong>turbam</strong></span> <span class='ocrx_word' id='word_1_67' title='bbox 623 1248 799 1308; x_wconf 71' lang='lat' dir='ltr'><strong>femineorum</strong></span> <span class='ocrx_word' id='word_1_68' title='bbox 810 1247 965 1312; x_wconf 61' lang='lat' dir='ltr'><strong>temptum,</strong></span> <span class='ocrx_word' id='word_1_69' title='bbox 985 1261 1054 1296; x_wconf 78' lang='lat' dir='ltr'><strong>orme</strong></span> <span class='ocrx_word' id='word_1_70' title='bbox 1063 1245 1179 1306; x_wconf 64' lang='lat' dir='ltr'><strong>tumet,</strong></span> <span class='ocrx_word' id='word_1_71' title='bbox 1187 1245 1343 1309; x_wconf 76' lang='lat' dir='ltr'><strong>petleetsee·</strong></span> 
     </span>
     <span class='ocr_line' id='line_1_10' title="bbox 236 1310 1343 1378; baseline -0.004 -16"><span class='ocrx_word' id='word_1_72' title='bbox 236 1313 340 1377; x_wconf 71' lang='lat' dir='ltr'><strong>dumque</strong></span> <span class='ocrx_word' id='word_1_73' title='bbox 356 1313 442 1378; x_wconf 72' lang='lat' dir='ltr'><strong>emus,</strong></span> <span class='ocrx_word' id='word_1_74' title='bbox 460 1319 484 1362; x_wconf 79' lang='lat' dir='ltr'><strong>et</strong></span> <span class='ocrx_word' id='word_1_75' title='bbox 496 1313 595 1375; x_wconf 78' lang='lat' dir='ltr'><strong>facibus</strong></span> <span class='ocrx_word' id='word_1_76' title='bbox 604 1313 653 1361; x_wconf 75' lang='lat' dir='ltr'><strong>seis</strong></span> <span class='ocrx_word' id='word_1_77' title='bbox 663 1313 794 1375; x_wconf 79' lang='lat' dir='ltr'><strong>iorpiieoat.</strong></span> <span class='ocrx_word' id='word_1_78' title='bbox 827 1312 894 1361; x_wconf 81' lang='lat' dir='ltr'><strong>Deire</strong></span> <span class='ocrx_word' id='word_1_79' title='bbox 901 1310 1040 1374; x_wconf 70' lang='lat' dir='ltr'><strong>presidium</strong></span> <span class='ocrx_word' id='word_1_80' title='bbox 1055 1311 1205 1360; x_wconf 68' lang='lat' dir='ltr'><strong>immunitam</strong></span> <span class='ocrx_word' id='word_1_81' title='bbox 1216 1318 1258 1360; x_wconf 88' lang='lat' dir='ltr'><strong>est</strong></span> <span class='ocrx_word' id='word_1_82' title='bbox 1267 1310 1343 1360; x_wconf 68' lang='lat' dir='ltr'><strong>aere</strong></span> 
     </span>
     <span class='ocr_line' id='line_1_11' title="bbox 237 1373 1343 1444; baseline -0.003 -18"><span class='ocrx_word' id='word_1_83' title='bbox 237 1376 294 1426; x_wconf 72' lang='lat' dir='ltr'><strong>totis</strong></span> <span class='ocrx_word' id='word_1_84' title='bbox 302 1377 434 1441; x_wconf 74' lang='lat' dir='ltr'><strong>gentihus,</strong></span> <span class='ocrx_word' id='word_1_85' title='bbox 444 1378 568 1442; x_wconf 67' lang='lat' dir='ltr'><strong>ausaque</strong></span> <span class='ocrx_word' id='word_1_86' title='bbox 578 1391 680 1441; x_wconf 74' lang='lat' dir='ltr'><strong>semma,</strong></span> <span class='ocrx_word' id='word_1_87' title='bbox 690 1377 752 1425; x_wconf 77' lang='lat' dir='ltr'><strong>diris</strong></span> <span class='ocrx_word' id='word_1_88' title='bbox 759 1375 914 1437; x_wconf 69' lang='lat' dir='ltr'><strong>religiositer</strong></span> <span class='ocrx_word' id='word_1_89' title='bbox 922 1375 1012 1426; x_wconf 75' lang='lat' dir='ltr'><strong>diocte.</strong></span> <span class='ocrx_word' id='word_1_90' title='bbox 1046 1375 1138 1438; x_wconf 77' lang='lat' dir='ltr'><strong>Quippe</strong></span> <span class='ocrx_word' id='word_1_91' title='bbox 1148 1373 1271 1439; x_wconf 75' lang='lat' dir='ltr'><strong>effundere</strong></span> <span class='ocrx_word' id='word_1_92' title='bbox 1281 1375 1343 1444; x_wconf 72' lang='lat' dir='ltr'><strong>opud</strong></span> 
     </span>
    </p>
   </div>
   <div class='ocr_carea' id='block_1_5' title="bbox 704 1503 883 1527">
    <p class='ocr_par' dir='ltr' id='par_1_5' title="bbox 704 1503 883 1527">
     <span class='ocr_line' id='line_1_12' title="bbox 704 1503 883 1527; baseline -0.017 0"><span class='ocrx_word' id='word_1_93' title='bbox 704 1513 713 1527; x_wconf 71' lang='grc' dir='ltr'>ι</span> <span class='ocrx_word' id='word_1_94' title='bbox 720 1507 762 1526; x_wconf 72' lang='lat' dir='ltr'><strong>eu</strong></span> <span class='ocrx_word' id='word_1_95' title='bbox 766 1503 883 1525; x_wconf 64' lang='grc' dir='ltr'><strong>11000Νο</strong></span> 
     </span>
    </p>
   </div>
   <div class='ocr_carea' id='block_1_6' title="bbox 236 1580 1342 1648">
    <p class='ocr_par' dir='ltr' id='par_1_6' title="bbox 236 1580 1342 1648">
     <span class='ocr_line' id='line_1_13' title="bbox 236 1580 1342 1648; baseline -0.001 -15"><span class='ocrx_word' id='word_1_96' title='bbox 236 1583 346 1634; x_wconf 67' lang='lat' dir='ltr'><strong>thiale</strong></span> <span class='ocrx_word' id='word_1_97' title='bbox 359 1584 385 1633; x_wconf 91' lang='lat' dir='ltr'><strong>iu</strong></span> <span class='ocrx_word' id='word_1_98' title='bbox 403 1583 455 1636; x_wconf 90' lang='lat' dir='ltr'><strong>Ms.</strong></span> <span class='ocrx_word' id='word_1_99' title='bbox 473 1584 551 1635; x_wconf 83' lang='lat' dir='ltr'><strong>corb.</strong></span> <span class='ocrx_word' id='word_1_100' title='bbox 571 1586 701 1648; x_wconf 74' lang='lat' dir='ltr'><strong>perpulere.</strong></span> <span class='ocrx_word' id='word_1_101' title='bbox 745 1583 908 1634; x_wconf 70' lang='lat' dir='ltr'><strong>Breues-4</strong></span> <span class='ocrx_word' id='word_1_102' title='bbox 924 1584 1043 1634; x_wconf 88' lang='lat' dir='ltr'><strong>Piehena</strong></span> <span class='ocrx_word' id='word_1_103' title='bbox 1064 1599 1080 1633; x_wconf 88' lang='lat' dir='ltr'><strong>e</strong></span> <span class='ocrx_word' id='word_1_104' title='bbox 1099 1584 1234 1634; x_wconf 76' lang='lat' dir='ltr'><strong>MsFlor.</strong></span> <span class='ocrx_word' id='word_1_105' title='bbox 1246 1580 1342 1645; x_wconf 77' lang='lat' dir='ltr'><strong>edidit,</strong></span> 
     </span>
    </p>
   </div>
   <div class='ocr_carea' id='block_1_7' title="bbox 235 1647 1345 1952">
    <p class='ocr_par' dir='ltr' id='par_1_7' title="bbox 235 1647 1345 1952">
     <span class='ocr_line' id='line_1_14' title="bbox 237 1647 1344 1713; baseline 0 -17"><span class='ocrx_word' id='word_1_106' title='bbox 237 1648 326 1697; x_wconf 77' lang='lat' dir='ltr'><strong>milites</strong></span> <span class='ocrx_word' id='word_1_107' title='bbox 335 1663 345 1704; x_wconf 91' lang='lat'><strong>,·</strong></span> <span class='ocrx_word' id='word_1_108' title='bbox 361 1662 436 1712; x_wconf 89' lang='lat' dir='ltr'><strong>quem</strong></span> <span class='ocrx_word' id='word_1_109' title='bbox 448 1656 510 1697; x_wconf 89' lang='lat' dir='ltr'><strong>sunt</strong></span> <span class='ocrx_word' id='word_1_110' title='bbox 530 1649 614 1698; x_wconf 88' lang='lat' dir='ltr'><strong>secuti</strong></span> <span class='ocrx_word' id='word_1_111' title='bbox 625 1649 773 1698; x_wconf 78' lang='lat' dir='ltr'><strong>Gronovius</strong></span> <span class='ocrx_word' id='word_1_112' title='bbox 790 1654 902 1713; x_wconf 89' lang='lat' dir='ltr'><strong>uterque</strong></span> <span class='ocrx_word' id='word_1_113' title='bbox 920 1655 948 1700; x_wconf 87' lang='lat' dir='ltr'><strong>et</strong></span> <span class='ocrx_word' id='word_1_114' title='bbox 965 1649 1101 1698; x_wconf 83' lang='lat' dir='ltr'><strong>anestnr.</strong></span> <span class='ocrx_word' id='word_1_115' title='bbox 1133 1648 1165 1697; x_wconf 94' lang='lat' dir='ltr'><strong>In</strong></span> <span class='ocrx_word' id='word_1_116' title='bbox 1186 1649 1252 1697; x_wconf 83' lang='lat' dir='ltr'><strong>Mes.</strong></span> <span class='ocrx_word' id='word_1_117' title='bbox 1268 1647 1344 1696; x_wconf 83' lang='lat' dir='ltr'><strong>Heri.</strong></span> 
     </span>
     <span class='ocr_line' id='line_1_15' title="bbox 237 1711 1344 1774; baseline -0.002 -14"><span class='ocrx_word' id='word_1_118' title='bbox 237 1711 314 1762; x_wconf 91' lang='lat' dir='ltr'><strong>Bodl.</strong></span> <span class='ocrx_word' id='word_1_119' title='bbox 325 1711 381 1763; x_wconf 86' lang='lat' dir='ltr'><strong>Jes.</strong></span> <span class='ocrx_word' id='word_1_120' title='bbox 399 1717 427 1761; x_wconf 89' lang='lat' dir='ltr'><strong>et</strong></span> <span class='ocrx_word' id='word_1_121' title='bbox 448 1712 602 1762; x_wconf 78' lang='lat' dir='ltr'><strong>editionibus</strong></span> <span class='ocrx_word' id='word_1_122' title='bbox 624 1713 767 1771; x_wconf 84' lang='lat' dir='ltr'><strong>veteribus,</strong></span> <span class='ocrx_word' id='word_1_123' title='bbox 788 1712 945 1762; x_wconf 76' lang='lat' dir='ltr'><strong>mititem—5</strong></span> <span class='ocrx_word' id='word_1_124' title='bbox 962 1713 1005 1761; x_wconf 85' lang='lat' dir='ltr'><strong>lte</strong></span> <span class='ocrx_word' id='word_1_125' title='bbox 1020 1713 1086 1761; x_wconf 83' lang='lat' dir='ltr'><strong>Mes.</strong></span> <span class='ocrx_word' id='word_1_126' title='bbox 1105 1713 1174 1761; x_wconf 84' lang='lat' dir='ltr'><strong>Flor.</strong></span> <span class='ocrx_word' id='word_1_127' title='bbox 1186 1712 1254 1774; x_wconf 76' lang='lat' dir='ltr'><strong>Reg.</strong></span> <span class='ocrx_word' id='word_1_128' title='bbox 1268 1711 1344 1760; x_wconf 79' lang='lat' dir='ltr'><strong>Heri.</strong></span> 
     </span>
     <span class='ocr_line' id='line_1_16' title="bbox 235 1772 1345 1839; baseline 0.001 -16"><span class='ocrx_word' id='word_1_129' title='bbox 235 1775 312 1832; x_wconf 86' lang='lat' dir='ltr'><strong>Bodi.</strong></span> <span class='ocrx_word' id='word_1_130' title='bbox 320 1777 374 1826; x_wconf 64' lang='lat' dir='ltr'><strong>desa</strong></span> <span class='ocrx_word' id='word_1_131' title='bbox 386 1772 475 1824; x_wconf 83' lang='lat' dir='ltr'><strong>Guelf.</strong></span> <span class='ocrx_word' id='word_1_132' title='bbox 487 1779 515 1822; x_wconf 90' lang='lat' dir='ltr'><strong>et</strong></span> <span class='ocrx_word' id='word_1_133' title='bbox 526 1773 654 1830; x_wconf 76' lang='lat' dir='ltr'><strong>editiones</strong></span> <span class='ocrx_word' id='word_1_134' title='bbox 665 1778 768 1822; x_wconf 85' lang='lat' dir='ltr'><strong>veteres</strong></span> <span class='ocrx_word' id='word_1_135' title='bbox 780 1787 811 1820; x_wconf 81' lang='lat' dir='ltr'><strong>ac</strong></span> <span class='ocrx_word' id='word_1_136' title='bbox 823 1773 992 1825; x_wconf 82' lang='lat' dir='ltr'><strong>recentiores.</strong></span> <span class='ocrx_word' id='word_1_137' title='bbox 1019 1776 1168 1838; x_wconf 74' lang='lat' dir='ltr'><strong>Rhenanus,</strong></span> <span class='ocrx_word' id='word_1_138' title='bbox 1176 1775 1272 1839; x_wconf 86' lang='lat' dir='ltr'><strong>aiiique</strong></span> <span class='ocrx_word' id='word_1_139' title='bbox 1283 1787 1345 1824; x_wconf 84' lang='lat' dir='ltr'><strong>enm</strong></span> 
     </span>
     <span class='ocr_line' id='line_1_17' title="bbox 237 1837 1345 1902; baseline 0.002 -16"><span class='ocrx_word' id='word_1_140' title='bbox 237 1839 332 1897; x_wconf 82' lang='lat' dir='ltr'><strong>secuti,</strong></span> <span class='ocrx_word' id='word_1_141' title='bbox 351 1838 418 1887; x_wconf 70' lang='lat' dir='ltr'><strong>oieb.</strong></span> <span class='ocrx_word' id='word_1_142' title='bbox 451 1838 512 1889; x_wconf 87' lang='lat' dir='ltr'><strong>Non</strong></span> <span class='ocrx_word' id='word_1_143' title='bbox 523 1837 697 1902; x_wconf 87' lang='lat' dir='ltr'><strong>spernendum</strong></span> <span class='ocrx_word' id='word_1_144' title='bbox 709 1837 767 1886; x_wconf 79' lang='lat' dir='ltr'><strong>eicis</strong></span> <span class='ocrx_word' id='word_1_145' title='bbox 779 1841 855 1900; x_wconf 80' lang='lat' dir='ltr'><strong>putet</strong></span> <span class='ocrx_word' id='word_1_146' title='bbox 865 1837 991 1901; x_wconf 84' lang='lat' dir='ltr'><strong>Ryekius,</strong></span> <span class='ocrx_word' id='word_1_147' title='bbox 999 1838 1021 1886; x_wconf 89' lang='lat' dir='ltr'><strong>si</strong></span> <span class='ocrx_word' id='word_1_148' title='bbox 1031 1839 1140 1902; x_wconf 82' lang='lat' dir='ltr'><strong>alicujus</strong></span> <span class='ocrx_word' id='word_1_149' title='bbox 1151 1840 1244 1902; x_wconf 85' lang='lat' dir='ltr'><strong>scripti</strong></span> <span class='ocrx_word' id='word_1_150' title='bbox 1254 1845 1345 1888; x_wconf 85' lang='lat' dir='ltr'><strong>aucto·</strong></span> 
     </span>
     <span class='ocr_line' id='line_1_18' title="bbox 236 1901 435 1952; baseline 0 0"><span class='ocrx_word' id='word_1_151' title='bbox 236 1903 315 1952; x_wconf 80' lang='lat' dir='ltr'><strong>ritate</strong></span> <span class='ocrx_word' id='word_1_152' title='bbox 326 1901 435 1952; x_wconf 88' lang='lat' dir='ltr'><strong>nitatur.</strong></span> 
     </span>
    </p>
   </div>
   <div class='ocr_carea' id='block_1_8' title="bbox 736 1996 848 2051">
    <p class='ocr_par' dir='ltr' id='par_1_8' title="bbox 736 1996 848 2051">
     <span class='ocr_line' id='line_1_19' title="bbox 736 1996 848 2051; baseline 0.027 -3"><span class='ocrx_word' id='word_1_153' title='bbox 736 1996 848 2051; x_wconf 78' lang='lat' dir='ltr'><strong>No&#39;rAE</strong></span> 
     </span>
    </p>
   </div>
   <div class='ocr_carea' id='block_1_9' title="bbox 238 2079 1346 2314">
    <p class='ocr_par' dir='ltr' id='par_1_9' title="bbox 238 2079 1346 2314">
     <span class='ocr_line' id='line_1_20' title="bbox 238 2079 1346 2157; baseline 0.004 -15"><span class='ocrx_word' id='word_1_154' title='bbox 238 2092 379 2144; x_wconf 88' lang='lat' dir='ltr'><strong>Druidibns</strong></span> <span class='ocrx_word' id='word_1_155' title='bbox 399 2092 532 2157; x_wconf 79' lang='lat' dir='ltr'><strong>intelligit.</strong></span> <span class='ocrx_word' id='word_1_156' title='bbox 573 2093 631 2143; x_wconf 81' lang='lat' dir='ltr'><strong>Lib.</strong></span> <span class='ocrx_word' id='word_1_157' title='bbox 653 2105 723 2141; x_wconf 85' lang='lat' dir='ltr'><strong>m.</strong></span> <span class='ocrx_word' id='word_1_158' title='bbox 745 2097 770 2142; x_wconf 90' lang='lat'><strong>1.</strong></span> <span class='ocrx_word' id='word_1_159' title='bbox 810 2090 870 2154; x_wconf 81' lang='lat' dir='ltr'><strong>fuit,</strong></span> <span class='ocrx_word' id='word_1_160' title='bbox 881 2079 1096 2157; x_wconf 76' lang='lat' dir='ltr'><strong>queexeerantnr</strong></span> <span class='ocrx_word' id='word_1_161' title='bbox 1106 2095 1215 2157; x_wconf 88' lang='lat' dir='ltr'><strong>hostem,</strong></span> <span class='ocrx_word' id='word_1_162' title='bbox 1225 2098 1253 2144; x_wconf 87' lang='lat' dir='ltr'><strong>et</strong></span> <span class='ocrx_word' id='word_1_163' title='bbox 1263 2094 1346 2146; x_wconf 81' lang='lat' dir='ltr'><strong>exitio</strong></span> 
     </span>
     <span class='ocr_line' id='line_1_21' title="bbox 238 2159 1328 2236; baseline 0.006 -18"><span class='ocrx_word' id='word_1_164' title='bbox 238 2169 310 2219; x_wconf 81' lang='lat' dir='ltr'><strong>‘Sed</strong></span> <span class='ocrx_word' id='word_1_165' title='bbox 322 2168 385 2233; x_wconf 90' lang='lat' dir='ltr'><strong>qnid</strong></span> <span class='ocrx_word' id='word_1_166' title='bbox 396 2184 445 2234; x_wconf 71' lang='lat' dir='ltr'><strong>ego</strong></span> <span class='ocrx_word' id='word_1_167' title='bbox 461 2171 517 2218; x_wconf 81' lang='lat' dir='ltr'><strong>haee</strong></span> <span class='ocrx_word' id='word_1_168' title='bbox 528 2182 724 2218; x_wconf 83' lang='lat' dir='ltr'><strong>commemorem</strong></span> <span class='ocrx_word' id='word_1_169' title='bbox 742 2167 771 2215; x_wconf 91' lang='lat' dir='ltr'><strong>in</strong></span> <span class='ocrx_word' id='word_1_170' title='bbox 811 2167 990 2235; x_wconf 81' lang='lat' dir='ltr'><strong>sacrificioque</strong></span> <span class='ocrx_word' id='word_1_171' title='bbox 1001 2159 1133 2222; x_wconf 78' lang='lat' dir='ltr'><strong>devorent</strong></span> <span class='ocrx_word' id='word_1_172' title='bbox 1143 2187 1189 2236; x_wconf 93' lang='lat' dir='ltr'><strong>pro</strong></span> <span class='ocrx_word' id='word_1_173' title='bbox 1206 2186 1252 2220; x_wconf 84' lang='lat' dir='ltr'><strong>sno</strong></span> <span class='ocrx_word' id='word_1_174' title='bbox 1264 2172 1328 2225; x_wconf 85' lang='lat' dir='ltr'><strong>ritu.</strong></span> 
     </span>
     <span class='ocr_line' id='line_1_22' title="bbox 238 2243 1346 2314; baseline 0.005 -21"><span class='ocrx_word' id='word_1_175' title='bbox 238 2251 305 2306; x_wconf 75' lang='lat' dir='ltr'><strong>erte,</strong></span> <span class='ocrx_word' id='word_1_176' title='bbox 324 2244 459 2314; x_wconf 76' lang='lat' dir='ltr'><strong>Oceanum</strong></span> <span class='ocrx_word' id='word_1_177' title='bbox 476 2258 580 2308; x_wconf 87' lang='lat' dir='ltr'><strong>qnoque</strong></span> <span class='ocrx_word' id='word_1_178' title='bbox 600 2253 786 2306; x_wconf 63' lang='lat' dir='ltr'><strong>transgressa,</strong></span> <span class='ocrx_word' id='word_1_179' title='bbox 842 2243 1018 2308; x_wconf 75' lang='lat' dir='ltr'><strong>Precesdims]</strong></span> <span class='ocrx_word' id='word_1_180' title='bbox 1034 2248 1114 2296; x_wconf 83' lang='lat' dir='ltr'><strong>Forte</strong></span> <span class='ocrx_word' id='word_1_181' title='bbox 1132 2247 1346 2311; x_wconf 83' lang='lat' dir='ltr'><strong>imprecabantur</strong></span> 
     </span>
    </p>
   </div>
   <div class='ocr_carea' id='block_1_10' title="bbox 133 2315 1347 2389">
    <p class='ocr_par' dir='ltr' id='par_1_10' title="bbox 133 2315 1347 2389">
     <span class='ocr_line' id='line_1_23' title="bbox 133 2315 1347 2389; baseline 0 -15"><span class='ocrx_word' id='word_1_182' title='bbox 133 2315 136 2326; x_wconf 82' lang='grc'><strong>’</strong></span> <span class='ocrx_word' id='word_1_183' title='bbox 238 2331 267 2374; x_wconf 89' lang='lat' dir='ltr'><strong>et</strong></span> <span class='ocrx_word' id='word_1_184' title='bbox 283 2324 315 2374; x_wconf 83' lang='lat' dir='ltr'><strong>ad</strong></span> <span class='ocrx_word' id='word_1_185' title='bbox 332 2333 433 2374; x_wconf 83' lang='lat' dir='ltr'><strong>netnrae</strong></span> <span class='ocrx_word' id='word_1_186' title='bbox 445 2325 522 2375; x_wconf 88' lang='lat' dir='ltr'><strong>inane</strong></span> <span class='ocrx_word' id='word_1_187' title='bbox 538 2325 679 2389; x_wconf 82' lang='lat' dir='ltr'><strong>pervecta?</strong></span> <span class='ocrx_word' id='word_1_188' title='bbox 712 2323 769 2371; x_wconf 88' lang='lat' dir='ltr'><strong>Bri-</strong></span> <span class='ocrx_word' id='word_1_189' title='bbox 809 2319 935 2383; x_wconf 87' lang='lat' dir='ltr'><strong>hostibus,</strong></span> <span class='ocrx_word' id='word_1_190' title='bbox 946 2327 1060 2387; x_wconf 84' lang='lat' dir='ltr'><strong>votoque</strong></span> <span class='ocrx_word' id='word_1_191' title='bbox 1072 2339 1101 2373; x_wconf 90' lang='lat' dir='ltr'><strong>se</strong></span> <span class='ocrx_word' id='word_1_192' title='bbox 1111 2323 1273 2387; x_wconf 78' lang='lat' dir='ltr'><strong>obligabant,</strong></span> <span class='ocrx_word' id='word_1_193' title='bbox 1283 2339 1347 2374; x_wconf 87' lang='lat' dir='ltr'><strong>con·</strong></span> 
     </span>
    </p>
   </div>
   <div class='ocr_carea' id='block_1_11' title="bbox 236 2399 1349 3825">
    <p class='ocr_par' dir='ltr' id='par_1_11' title="bbox 236 2399 1349 3825">
     <span class='ocr_line' id='line_1_24' title="bbox 238 2399 1347 2466; baseline -0.001 -14"><span class='ocrx_word' id='word_1_194' title='bbox 238 2401 327 2453; x_wconf 86' lang='lat' dir='ltr'><strong>tannia</strong></span> <span class='ocrx_word' id='word_1_195' title='bbox 347 2400 476 2465; x_wconf 84' lang='lat' dir='ltr'><strong>hodieque</strong></span> <span class='ocrx_word' id='word_1_196' title='bbox 498 2415 556 2450; x_wconf 89' lang='lat' dir='ltr'><strong>eam</strong></span> <span class='ocrx_word' id='word_1_197' title='bbox 578 2400 689 2450; x_wconf 88' lang='lat' dir='ltr'><strong>attonite</strong></span> <span class='ocrx_word' id='word_1_198' title='bbox 703 2399 770 2448; x_wconf 89' lang='lat' dir='ltr'><strong>cele·</strong></span> <span class='ocrx_word' id='word_1_199' title='bbox 809 2402 956 2448; x_wconf 79' lang='lat' dir='ltr'><strong>secreturus</strong></span> <span class='ocrx_word' id='word_1_200' title='bbox 972 2412 1017 2449; x_wconf 85' lang='lat' dir='ltr'><strong>eos</strong></span> <span class='ocrx_word' id='word_1_201' title='bbox 1031 2400 1097 2463; x_wconf 89' lang='lat' dir='ltr'><strong>Diis,</strong></span> <span class='ocrx_word' id='word_1_202' title='bbox 1115 2400 1347 2466; x_wconf 81' lang='lat' dir='ltr'><strong>immolaturosque</strong></span> 
     </span>
     <span class='ocr_line' id='line_1_25' title="bbox 237 2471 1347 2540; baseline -0.004 -11"><span class='ocrx_word' id='word_1_203' title='bbox 237 2478 297 2529; x_wconf 81' lang='lat' dir='ltr'><strong>brat</strong></span> <span class='ocrx_word' id='word_1_204' title='bbox 318 2478 399 2527; x_wconf 86' lang='lat' dir='ltr'><strong>tantis</strong></span> <span class='ocrx_word' id='word_1_205' title='bbox 420 2476 586 2539; x_wconf 73' lang='lat' dir='ltr'><strong>cerimoniis,</strong></span> <span class='ocrx_word' id='word_1_206' title='bbox 614 2480 644 2523; x_wconf 91' lang='lat' dir='ltr'><strong>ut</strong></span> <span class='ocrx_word' id='word_1_207' title='bbox 665 2474 769 2524; x_wconf 85' lang='lat' dir='ltr'><strong>dedisse</strong></span> <span class='ocrx_word' id='word_1_208' title='bbox 808 2485 855 2521; x_wconf 82' lang='lat' dir='ltr'><strong>suo</strong></span> <span class='ocrx_word' id='word_1_209' title='bbox 872 2471 1074 2524; x_wconf 82' lang='lat' dir='ltr'><strong>ritnhnmennm</strong></span> <span class='ocrx_word' id='word_1_210' title='bbox 1087 2476 1273 2540; x_wconf 85' lang='lat' dir='ltr'><strong>captivumque</strong></span> <span class='ocrx_word' id='word_1_211' title='bbox 1285 2490 1347 2526; x_wconf 84' lang='lat' dir='ltr'><strong>ran·</strong></span> 
     </span>
     <span class='ocr_line' id='line_1_26' title="bbox 237 2548 1311 2615; baseline 0 -13"><span class='ocrx_word' id='word_1_212' title='bbox 237 2552 326 2603; x_wconf 88' lang='lat' dir='ltr'><strong>Persis</strong></span> <span class='ocrx_word' id='word_1_213' title='bbox 346 2552 429 2601; x_wconf 84' lang='lat' dir='ltr'><strong>videri</strong></span> <span class='ocrx_word' id='word_1_214' title='bbox 451 2551 549 2615; x_wconf 66' lang='lat' dir='ltr'><strong>possit!</strong></span> <span class='ocrx_word' id='word_1_215' title='bbox 583 2552 668 2600; x_wconf 87' lang='lat' dir='ltr'><strong>Vocat</strong></span> <span class='ocrx_word' id='word_1_216' title='bbox 690 2551 771 2613; x_wconf 82' lang='lat' dir='ltr'><strong>iaaac,</strong></span> <span class='ocrx_word' id='word_1_217' title='bbox 809 2548 924 2611; x_wconf 73' lang='lat' dir='ltr'><strong>guinem,</strong></span> <span class='ocrx_word' id='word_1_218' title='bbox 934 2549 1133 2613; x_wconf 81' lang='lat' dir='ltr'><strong>qnoddr&#39;rerset</strong></span> <span class='ocrx_word' id='word_1_219' title='bbox 1142 2551 1311 2602; x_wconf 86' lang='lat' dir='ltr'><strong>horrendum.</strong></span> 
     </span>
     <span class='ocr_line' id='line_1_27' title="bbox 238 2623 1346 2692; baseline 0.001 -16"><span class='ocrx_word' id='word_1_220' title='bbox 238 2627 300 2692; x_wconf 89' lang='lat' dir='ltr'><strong>quia</strong></span> <span class='ocrx_word' id='word_1_221' title='bbox 315 2633 375 2690; x_wconf 87' lang='lat' dir='ltr'><strong>post</strong></span> <span class='ocrx_word' id='word_1_222' title='bbox 392 2626 527 2676; x_wconf 83' lang='lat' dir='ltr'><strong>Oeeenum</strong></span> <span class='ocrx_word' id='word_1_223' title='bbox 543 2625 606 2674; x_wconf 89' lang='lat' dir='ltr'><strong>nihii</strong></span> <span class='ocrx_word' id='word_1_224' title='bbox 624 2638 769 2689; x_wconf 84' lang='lat' dir='ltr'><strong>superesse,</strong></span> <span class='ocrx_word' id='word_1_225' title='bbox 840 2630 853 2655; x_wconf 83' lang='lat'>⁰</span> <span class='ocrx_word' id='word_1_226' title='bbox 866 2625 899 2672; x_wconf 82' lang='lat' dir='ltr'><strong>Et</strong></span> <span class='ocrx_word' id='word_1_227' title='bbox 909 2623 1058 2689; x_wconf 69' lang='lat' dir='ltr'><strong>smmum]</strong></span> <span class='ocrx_word' id='word_1_228' title='bbox 1075 2626 1135 2675; x_wconf 84' lang='lat' dir='ltr'><strong>Hoc</strong></span> <span class='ocrx_word' id='word_1_229' title='bbox 1147 2626 1180 2677; x_wconf 87' lang='lat' dir='ltr'><strong>de</strong></span> <span class='ocrx_word' id='word_1_230' title='bbox 1190 2626 1346 2682; x_wconf 74' lang='lat' dir='ltr'><strong>mulieribus</strong></span> 
     </span>
     <span class='ocr_line' id='line_1_28' title="bbox 238 2696 1345 2760; baseline 0.004 -10"><span class='ocrx_word' id='word_1_231' title='bbox 238 2708 267 2750; x_wconf 88' lang='lat' dir='ltr'><strong>et</strong></span> <span class='ocrx_word' id='word_1_232' title='bbox 287 2702 329 2750; x_wconf 89' lang='lat' dir='ltr'><strong>hie</strong></span> <span class='ocrx_word' id='word_1_233' title='bbox 345 2699 457 2749; x_wconf 81' lang='lat' dir='ltr'><strong>deficere</strong></span> <span class='ocrx_word' id='word_1_234' title='bbox 476 2706 595 2748; x_wconf 86' lang='lat' dir='ltr'><strong>naturam</strong></span> <span class='ocrx_word' id='word_1_235' title='bbox 617 2698 768 2749; x_wconf 84' lang='lat' dir='ltr'><strong>credebant.</strong></span> <span class='ocrx_word' id='word_1_236' title='bbox 808 2696 921 2760; x_wconf 82' lang='lat' dir='ltr'><strong>furiosis,</strong></span> <span class='ocrx_word' id='word_1_237' title='bbox 947 2700 1023 2749; x_wconf 90' lang='lat' dir='ltr'><strong>simul</strong></span> <span class='ocrx_word' id='word_1_238' title='bbox 1049 2709 1078 2752; x_wconf 87' lang='lat' dir='ltr'><strong>et</strong></span> <span class='ocrx_word' id='word_1_239' title='bbox 1105 2704 1138 2752; x_wconf 88' lang='lat' dir='ltr'><strong>de</strong></span> <span class='ocrx_word' id='word_1_240' title='bbox 1162 2703 1345 2755; x_wconf 81' lang='lat' dir='ltr'><strong>sacerdotibus</strong></span> 
     </span>
     <span class='ocr_line' id='line_1_29' title="bbox 236 2771 1175 2841; baseline 0.002 -16"><span class='ocrx_word' id='word_1_241' title='bbox 236 2774 545 2838; x_wconf 64' lang='lat' dir='ltr'><strong>Tacitoa‘lltueosqne,</strong></span> <span class='ocrx_word' id='word_1_242' title='bbox 555 2772 595 2839; x_wconf 84' lang='lat' dir='ltr'><strong>(et</strong></span> <span class='ocrx_word' id='word_1_243' title='bbox 606 2771 769 2838; x_wconf 63' lang='lat' dir='ltr'><strong>tamarem)</strong></span> <span class='ocrx_word' id='word_1_244' title='bbox 807 2774 918 2825; x_wconf 87' lang='lat' dir='ltr'><strong>Druidis</strong></span> <span class='ocrx_word' id='word_1_245' title='bbox 934 2776 1067 2841; x_wconf 74' lang='lat' dir='ltr'><strong>inteiligit.</strong></span> <span class='ocrx_word' id='word_1_246' title='bbox 1173 2775 1175 2778; x_wconf 77' lang='grc'><strong>’</strong></span> 
     </span>
     <span class='ocr_line' id='line_1_30' title="bbox 238 2848 1346 2918; baseline 0.005 -19"><span class='ocrx_word' id='word_1_247' title='bbox 238 2854 339 2900; x_wconf 79' lang='lat' dir='ltr'><strong>tantum</strong></span> <span class='ocrx_word' id='word_1_248' title='bbox 350 2848 460 2905; x_wconf 65' lang='lat' dir='ltr'><strong>natura!</strong></span> <span class='ocrx_word' id='word_1_249' title='bbox 840 2858 854 2892; x_wconf 74' lang='grc' dir='ltr'><strong>Ρ</strong></span> <span class='ocrx_word' id='word_1_250' title='bbox 865 2852 1002 2917; x_wconf 68' lang='lat' dir='ltr'><strong>Iesum]</strong></span> <span class='ocrx_word' id='word_1_251' title='bbox 1018 2855 1133 2916; x_wconf 76' lang='lat' dir='ltr'><strong>Pelium,</strong></span> <span class='ocrx_word' id='word_1_252' title='bbox 1142 2853 1266 2918; x_wconf 81' lang='lat' dir='ltr'><strong>fundunt,</strong></span> <span class='ocrx_word' id='word_1_253' title='bbox 1277 2862 1346 2905; x_wconf 84' lang='lat' dir='ltr'><strong>eter-</strong></span> 
     </span>
     <span class='ocr_line' id='line_1_31' title="bbox 271 2922 1347 2993; baseline 0.007 -19"><span class='ocrx_word' id='word_1_254' title='bbox 271 2924 360 2987; x_wconf 83' lang='lat' dir='ltr'><strong>Dims]</strong></span> <span class='ocrx_word' id='word_1_255' title='bbox 376 2923 408 2973; x_wconf 94' lang='lat' dir='ltr'><strong>In</strong></span> <span class='ocrx_word' id='word_1_256' title='bbox 417 2923 517 2989; x_wconf 70' lang='lat' dir='ltr'><strong>preliis</strong></span> <span class='ocrx_word' id='word_1_257' title='bbox 528 2928 556 2973; x_wconf 88' lang='lat' dir='ltr'><strong>et</strong></span> <span class='ocrx_word' id='word_1_258' title='bbox 573 2922 695 2986; x_wconf 87' lang='lat' dir='ltr'><strong>periculis</strong></span> <span class='ocrx_word' id='word_1_259' title='bbox 708 2928 770 2973; x_wconf 88' lang='lat' dir='ltr'><strong>vota</strong></span> <span class='ocrx_word' id='word_1_260' title='bbox 809 2932 875 2975; x_wconf 90' lang='lat' dir='ltr'><strong>nunt</strong></span> <span class='ocrx_word' id='word_1_261' title='bbox 895 2926 995 2989; x_wconf 84' lang='lat' dir='ltr'><strong>obvios,</strong></span> <span class='ocrx_word' id='word_1_262' title='bbox 1016 2929 1138 2993; x_wconf 87' lang='lat' dir='ltr'><strong>ipsosque</strong></span> <span class='ocrx_word' id='word_1_263' title='bbox 1159 2935 1195 2979; x_wconf 70' lang='lat' dir='ltr'><strong>et‘</strong></span> <span class='ocrx_word' id='word_1_264' title='bbox 1208 2944 1291 2993; x_wconf 81' lang='lat' dir='ltr'><strong>arma,</strong></span> <span class='ocrx_word' id='word_1_265' title='bbox 1317 2936 1347 2981; x_wconf 86' lang='lat' dir='ltr'><strong>et</strong></span> 
     </span>
     <span class='ocr_line' id='line_1_32' title="bbox 237 2999 1349 3067; baseline 0.005 -17"><span class='ocrx_word' id='word_1_266' title='bbox 237 3000 445 3051; x_wconf 79' lang='lat' dir='ltr'><strong>dirafseiebant.</strong></span> <span class='ocrx_word' id='word_1_267' title='bbox 467 3001 531 3051; x_wconf 76' lang='lat' dir='ltr'><strong>Ces.</strong></span> <span class='ocrx_word' id='word_1_268' title='bbox 546 3000 686 3050; x_wconf 72' lang='lat' dir='ltr'><strong>beibflali.</strong></span> <span class='ocrx_word' id='word_1_269' title='bbox 698 3000 716 3049; x_wconf 88' lang='lat' dir='ltr'><strong>i.</strong></span> <span class='ocrx_word' id='word_1_270' title='bbox 729 3013 769 3050; x_wconf 84' lang='lat' dir='ltr'><strong>vr.</strong></span> <span class='ocrx_word' id='word_1_271' title='bbox 809 2999 880 3050; x_wconf 86' lang='lat' dir='ltr'><strong>faces</strong></span> <span class='ocrx_word' id='word_1_272' title='bbox 899 3008 928 3052; x_wconf 90' lang='lat' dir='ltr'><strong>et</strong></span> <span class='ocrx_word' id='word_1_273' title='bbox 946 3000 1075 3067; x_wconf 73' lang='lat' dir='ltr'><strong>foeminas,</strong></span> <span class='ocrx_word' id='word_1_274' title='bbox 1096 3004 1186 3054; x_wconf 82' lang='lat' dir='ltr'><strong>eedem</strong></span> <span class='ocrx_word' id='word_1_275' title='bbox 1213 3005 1292 3055; x_wconf 85' lang='lat' dir='ltr'><strong>clads</strong></span> <span class='ocrx_word' id='word_1_276' title='bbox 1315 3011 1349 3057; x_wconf 79' lang='lat' dir='ltr'><strong>et</strong></span> 
     </span>
     <span class='ocr_line' id='line_1_33' title="bbox 236 3074 1050 3141; baseline -0.002 -12"><span class='ocrx_word' id='word_1_277' title='bbox 236 3078 244 3107; x_wconf 81' lang='lat'>⁸</span> <span class='ocrx_word' id='word_1_278' title='bbox 256 3078 307 3131; x_wconf 77' lang='lat' dir='ltr'><strong>Qui</strong></span> <span class='ocrx_word' id='word_1_279' title='bbox 319 3085 380 3128; x_wconf 85' lang='lat' dir='ltr'><strong>sunt</strong></span> <span class='ocrx_word' id='word_1_280' title='bbox 391 3075 481 3127; x_wconf 85' lang='lat' dir='ltr'><strong>afflicti</strong></span> <span class='ocrx_word' id='word_1_281' title='bbox 492 3075 653 3139; x_wconf 81' lang='lat' dir='ltr'><strong>gravioribus</strong></span> <span class='ocrx_word' id='word_1_282' title='bbox 665 3074 771 3139; x_wconf 88' lang='lat' dir='ltr'><strong>morbis,</strong></span> <span class='ocrx_word' id='word_1_283' title='bbox 808 3080 896 3141; x_wconf 73' lang='lat' dir='ltr'><strong>surige</strong></span> <span class='ocrx_word' id='word_1_284' title='bbox 908 3076 1050 3128; x_wconf 68' lang='lat' dir='ltr'><strong>involvunt„</strong></span> 
     </span>
     <span class='ocr_line' id='line_1_34' title="bbox 237 3151 1347 3221; baseline -0.003 -13"><span class='ocrx_word' id='word_1_285' title='bbox 237 3156 330 3221; x_wconf 83' lang='lat' dir='ltr'><strong>quique</strong></span> <span class='ocrx_word' id='word_1_286' title='bbox 349 3157 376 3205; x_wconf 92' lang='lat' dir='ltr'><strong>in</strong></span> <span class='ocrx_word' id='word_1_287' title='bbox 398 3156 504 3219; x_wconf 73' lang='lat' dir='ltr'><strong>preliis,</strong></span> <span class='ocrx_word' id='word_1_288' title='bbox 524 3154 696 3217; x_wconf 79' lang='lat' dir='ltr'><strong>periculisque</strong></span> <span class='ocrx_word' id='word_1_289' title='bbox 712 3168 770 3201; x_wconf 89' lang='lat' dir='ltr'><strong>ver·</strong></span> <span class='ocrx_word' id='word_1_290' title='bbox 826 3158 855 3196; x_wconf 75' lang='lat'><strong>.‘1</strong></span> <span class='ocrx_word' id='word_1_291' title='bbox 874 3151 964 3215; x_wconf 70' lang='lat' dir='ltr'><strong>Vere]</strong></span> <span class='ocrx_word' id='word_1_292' title='bbox 986 3152 1041 3201; x_wconf 78' lang='lat' dir='ltr'><strong>Alii</strong></span> <span class='ocrx_word' id='word_1_293' title='bbox 1058 3155 1158 3218; x_wconf 76' lang='lat' dir='ltr'><strong>legunt,</strong></span> <span class='ocrx_word' id='word_1_294' title='bbox 1176 3154 1252 3215; x_wconf 61' lang='lat' dir='ltr'><strong>sicin</strong></span> <span class='ocrx_word' id='word_1_295' title='bbox 1269 3153 1347 3219; x_wconf 82' lang='lat' dir='ltr'><strong>quasi</strong></span> 
     </span>
     <span class='ocr_line' id='line_1_35' title="bbox 238 3226 1346 3295; baseline 0 -15"><span class='ocrx_word' id='word_1_296' title='bbox 238 3241 336 3294; x_wconf 86' lang='lat' dir='ltr'><strong>santur,</strong></span> <span class='ocrx_word' id='word_1_297' title='bbox 347 3240 392 3281; x_wconf 85' lang='lat' dir='ltr'><strong>ant</strong></span> <span class='ocrx_word' id='word_1_298' title='bbox 410 3246 457 3295; x_wconf 87' lang='lat' dir='ltr'><strong>pro</strong></span> <span class='ocrx_word' id='word_1_299' title='bbox 468 3232 578 3280; x_wconf 83' lang='lat' dir='ltr'><strong>victimis</strong></span> <span class='ocrx_word' id='word_1_300' title='bbox 596 3231 711 3280; x_wconf 88' lang='lat' dir='ltr'><strong>homines</strong></span> <span class='ocrx_word' id='word_1_301' title='bbox 722 3231 770 3279; x_wconf 89' lang='lat' dir='ltr'><strong>im·</strong></span> <span class='ocrx_word' id='word_1_302' title='bbox 809 3226 978 3278; x_wconf 82' lang='lat' dir='ltr'><strong>oieit&#39;uisseut</strong></span> <span class='ocrx_word' id='word_1_303' title='bbox 997 3230 1025 3277; x_wconf 92' lang='lat' dir='ltr'><strong>in</strong></span> <span class='ocrx_word' id='word_1_304' title='bbox 1042 3229 1238 3295; x_wconf 87' lang='lat' dir='ltr'><strong>insuia,quibus</strong></span> <span class='ocrx_word' id='word_1_305' title='bbox 1254 3231 1346 3295; x_wconf 72' lang='lat' dir='ltr'><strong>praeei-</strong></span> 
     </span>
     <span class='ocr_line' id='line_1_36' title="bbox 237 3302 1345 3369; baseline 0.001 -14"><span class='ocrx_word' id='word_1_306' title='bbox 237 3306 344 3369; x_wconf 86' lang='lat' dir='ltr'><strong>moiant,</strong></span> <span class='ocrx_word' id='word_1_307' title='bbox 360 3314 405 3355; x_wconf 84' lang='lat' dir='ltr'><strong>ent</strong></span> <span class='ocrx_word' id='word_1_308' title='bbox 422 3322 449 3355; x_wconf 86' lang='lat' dir='ltr'><strong>se</strong></span> <span class='ocrx_word' id='word_1_309' title='bbox 463 3307 638 3356; x_wconf 86' lang='lat' dir='ltr'><strong>immolaturos</strong></span> <span class='ocrx_word' id='word_1_310' title='bbox 653 3314 767 3367; x_wconf 27' lang='lat' dir='ltr'><strong>&#39;vovent3</strong></span> <span class='ocrx_word' id='word_1_311' title='bbox 809 3302 854 3350; x_wconf 73' lang='lat' dir='ltr'><strong>dia</strong></span> <span class='ocrx_word' id='word_1_312' title='bbox 877 3304 1013 3353; x_wconf 81' lang='lat' dir='ltr'><strong>immunita</strong></span> <span class='ocrx_word' id='word_1_313' title='bbox 1034 3312 1129 3367; x_wconf 75' lang='lat' dir='ltr'><strong>essem,</strong></span> <span class='ocrx_word' id='word_1_314' title='bbox 1148 3305 1218 3369; x_wconf 88' lang='lat' dir='ltr'><strong>quod</strong></span> <span class='ocrx_word' id='word_1_315' title='bbox 1239 3304 1345 3356; x_wconf 77' lang='lat' dir='ltr'><strong>fabum.</strong></span> 
     </span>
     <span class='ocr_line' id='line_1_37' title="bbox 238 3378 1347 3445; baseline 0.001 -16"><span class='ocrx_word' id='word_1_316' title='bbox 238 3380 446 3445; x_wconf 71' lang='lat' dir='ltr'><strong>administrisque</strong></span> <span class='ocrx_word' id='word_1_317' title='bbox 458 3382 534 3430; x_wconf 87' lang='lat' dir='ltr'><strong>adea</strong></span> <span class='ocrx_word' id='word_1_318' title='bbox 551 3382 680 3431; x_wconf 82' lang='lat' dir='ltr'><strong>sacrificia</strong></span> <span class='ocrx_word' id='word_1_319' title='bbox 692 3382 770 3430; x_wconf 86' lang='lat' dir='ltr'><strong>Drni·</strong></span> <span class='ocrx_word' id='word_1_320' title='bbox 811 3378 879 3427; x_wconf 83' lang='lat' dir='ltr'><strong>Nem</strong></span> <span class='ocrx_word' id='word_1_321' title='bbox 889 3379 953 3427; x_wconf 87' lang='lat' dir='ltr'><strong>uuili</strong></span> <span class='ocrx_word' id='word_1_322' title='bbox 972 3380 1020 3428; x_wconf 80' lang='lat' dir='ltr'><strong>otei</strong></span> <span class='ocrx_word' id='word_1_323' title='bbox 1038 3386 1084 3428; x_wconf 84' lang='lat' dir='ltr'><strong>aut</strong></span> <span class='ocrx_word' id='word_1_324' title='bbox 1100 3381 1178 3429; x_wconf 86' lang='lat' dir='ltr'><strong>nrbes</strong></span> <span class='ocrx_word' id='word_1_325' title='bbox 1197 3380 1268 3442; x_wconf 82' lang='lat' dir='ltr'><strong>apud</strong></span> <span class='ocrx_word' id='word_1_326' title='bbox 1285 3381 1347 3431; x_wconf 88' lang='lat' dir='ltr'><strong>Bri-</strong></span> 
     </span>
     <span class='ocr_line' id='line_1_38' title="bbox 237 3455 1347 3522; baseline 0.001 -16"><span class='ocrx_word' id='word_1_327' title='bbox 237 3457 313 3507; x_wconf 84' lang='lat' dir='ltr'><strong>dibus</strong></span> <span class='ocrx_word' id='word_1_328' title='bbox 322 3464 438 3520; x_wconf 85' lang='lat' dir='ltr'><strong>utuntur,</strong></span> <span class='ocrx_word' id='word_1_329' title='bbox 449 3459 517 3522; x_wconf 92' lang='lat' dir='ltr'><strong>quod</strong></span> <span class='ocrx_word' id='word_1_330' title='bbox 529 3474 577 3521; x_wconf 90' lang='lat' dir='ltr'><strong>pro</strong></span> <span class='ocrx_word' id='word_1_331' title='bbox 589 3459 643 3507; x_wconf 82' lang='lat' dir='ltr'><strong>vite</strong></span> <span class='ocrx_word' id='word_1_332' title='bbox 653 3459 770 3521; x_wconf 84' lang='lat' dir='ltr'><strong>hominis,</strong></span> <span class='ocrx_word' id='word_1_333' title='bbox 809 3458 909 3518; x_wconf 70' lang='lat' dir='ltr'><strong>munos,</strong></span> <span class='ocrx_word' id='word_1_334' title='bbox 920 3460 966 3505; x_wconf 80' lang='lat' dir='ltr'><strong>eut</strong></span> <span class='ocrx_word' id='word_1_335' title='bbox 984 3455 1065 3505; x_wconf 84' lang='lat' dir='ltr'><strong>etiam</strong></span> <span class='ocrx_word' id='word_1_336' title='bbox 1083 3456 1244 3504; x_wconf 76' lang='lat' dir='ltr'><strong>Germanos:</strong></span> <span class='ocrx_word' id='word_1_337' title='bbox 1262 3456 1347 3521; x_wconf 73' lang='lat' dir='ltr'><strong>sylvae</strong></span> 
     </span>
     <span class='ocr_line' id='line_1_39' title="bbox 237 3528 1206 3597; baseline 0 -16"><span class='ocrx_word' id='word_1_338' title='bbox 237 3532 286 3581; x_wconf 82' lang='lat' dir='ltr'><strong>nisi</strong></span> <span class='ocrx_word' id='word_1_339' title='bbox 301 3532 355 3582; x_wconf 83' lang='lat' dir='ltr'><strong>vite</strong></span> <span class='ocrx_word' id='word_1_340' title='bbox 365 3534 474 3581; x_wconf 83' lang='lat' dir='ltr'><strong>hominis</strong></span> <span class='ocrx_word' id='word_1_341' title='bbox 486 3532 622 3597; x_wconf 84' lang='lat' dir='ltr'><strong>reddetur,</strong></span> <span class='ocrx_word' id='word_1_342' title='bbox 631 3547 683 3582; x_wconf 93' lang='lat' dir='ltr'><strong>non</strong></span> <span class='ocrx_word' id='word_1_343' title='bbox 694 3548 769 3597; x_wconf 86' lang='lat' dir='ltr'><strong>posse</strong></span> <span class='ocrx_word' id='word_1_344' title='bbox 809 3542 856 3591; x_wconf 76' lang='lat' dir='ltr'><strong>pro</strong></span> <span class='ocrx_word' id='word_1_345' title='bbox 867 3530 970 3593; x_wconf 79' lang='lat' dir='ltr'><strong>oppidis</strong></span> <span class='ocrx_word' id='word_1_346' title='bbox 981 3536 1009 3577; x_wconf 80' lang='lat' dir='ltr'><strong>et</strong></span> <span class='ocrx_word' id='word_1_347' title='bbox 1018 3530 1078 3577; x_wconf 73' lang='lat' dir='ltr'><strong>vitis</strong></span> <span class='ocrx_word' id='word_1_348' title='bbox 1089 3528 1206 3579; x_wconf 83' lang='lat' dir='ltr'><strong>fuerunt.</strong></span> 
     </span>
     <span class='ocr_line' id='line_1_40' title="bbox 237 3603 1345 3673; baseline 0.001 -16"><span class='ocrx_word' id='word_1_349' title='bbox 237 3606 354 3657; x_wconf 86' lang='lat' dir='ltr'><strong>Deorum</strong></span> <span class='ocrx_word' id='word_1_350' title='bbox 370 3607 552 3657; x_wconf 82' lang='lat' dir='ltr'><strong>immortalium</strong></span> <span class='ocrx_word' id='word_1_351' title='bbox 564 3621 658 3655; x_wconf 90' lang='lat' dir='ltr'><strong>numen</strong></span> <span class='ocrx_word' id='word_1_352' title='bbox 670 3608 769 3669; x_wconf 84' lang='lat' dir='ltr'><strong>placari</strong></span> <span class='ocrx_word' id='word_1_353' title='bbox 840 3603 912 3653; x_wconf 85' lang='lat' dir='ltr'><strong>Hinc</strong></span> <span class='ocrx_word' id='word_1_354' title='bbox 934 3609 962 3652; x_wconf 89' lang='lat' dir='ltr'><strong>et</strong></span> <span class='ocrx_word' id='word_1_355' title='bbox 983 3604 1031 3653; x_wconf 82' lang='lat' dir='ltr'><strong>luci</strong></span> <span class='ocrx_word' id='word_1_356' title='bbox 1056 3603 1226 3655; x_wconf 81' lang='lat' dir='ltr'><strong>barbarorum</strong></span> <span class='ocrx_word' id='word_1_357' title='bbox 1248 3607 1345 3673; x_wconf 82' lang='lat' dir='ltr'><strong>excisi,</strong></span> 
     </span>
     <span class='ocr_line' id='line_1_41' title="bbox 237 3678 1346 3737; baseline 0 -6"><span class='ocrx_word' id='word_1_358' title='bbox 237 3681 412 3731; x_wconf 63' lang='lat' dir='ltr'><strong>arbitrantur?</strong></span> <span class='ocrx_word' id='word_1_359' title='bbox 808 3692 859 3728; x_wconf 86' lang='lat' dir='ltr'><strong>non</strong></span> <span class='ocrx_word' id='word_1_360' title='bbox 881 3685 935 3729; x_wconf 88' lang='lat' dir='ltr'><strong>tam</strong></span> <span class='ocrx_word' id='word_1_361' title='bbox 961 3678 1031 3729; x_wconf 80' lang='lat' dir='ltr'><strong>forte</strong></span> <span class='ocrx_word' id='word_1_362' title='bbox 1054 3680 1088 3729; x_wconf 86' lang='lat' dir='ltr'><strong>ad</strong></span> <span class='ocrx_word' id='word_1_363' title='bbox 1117 3681 1346 3737; x_wconf 78' lang='lat' dir='ltr'><strong>exterminandam</strong></span> 
     </span>
     <span class='ocr_line' id='line_1_42' title="bbox 269 3756 1346 3825; baseline 0.005 -18"><span class='ocrx_word' id='word_1_364' title='bbox 269 3758 393 3819; x_wconf 83' lang='lat' dir='ltr'><strong>Verrunt,</strong></span> <span class='ocrx_word' id='word_1_365' title='bbox 416 3757 488 3822; x_wconf 86' lang='lat' dir='ltr'><strong>qnasi</strong></span> <span class='ocrx_word' id='word_1_366' title='bbox 510 3758 620 3809; x_wconf 82' lang='lat' dir='ltr'><strong>Druidae</strong></span> <span class='ocrx_word' id='word_1_367' title='bbox 644 3758 769 3821; x_wconf 87' lang='lat' dir='ltr'><strong>impreca·</strong></span> <span class='ocrx_word' id='word_1_368' title='bbox 808 3756 891 3808; x_wconf 85' lang='lat' dir='ltr'><strong>diram</strong></span> <span class='ocrx_word' id='word_1_369' title='bbox 910 3761 1132 3822; x_wconf 85' lang='lat' dir='ltr'><strong>superstitionem,</strong></span> <span class='ocrx_word' id='word_1_370' title='bbox 1149 3761 1249 3825; x_wconf 89' lang='lat' dir='ltr'><strong>(neque</strong></span> <span class='ocrx_word' id='word_1_371' title='bbox 1273 3762 1346 3813; x_wconf 87' lang='lat' dir='ltr'><strong>enim</strong></span> 
     </span>
    </p>
   </div>
   <div class='ocr_carea' id='block_1_12' title="bbox 237 3832 1420 3900">
    <p class='ocr_par' dir='ltr' id='par_1_12' title="bbox 237 3832 1420 3900">
     <span class='ocr_line' id='line_1_43' title="bbox 237 3832 1420 3900; baseline 0.005 -19"><span class='ocrx_word' id='word_1_372' title='bbox 237 3840 328 3885; x_wconf 86' lang='lat' dir='ltr'><strong>rentur</strong></span> <span class='ocrx_word' id='word_1_373' title='bbox 338 3832 461 3883; x_wconf 85' lang='lat' dir='ltr'><strong>hostibus.</strong></span> <span class='ocrx_word' id='word_1_374' title='bbox 492 3832 770 3896; x_wconf 84' lang='lat' dir='ltr'><strong>Ibi,dirusimprecan·</strong></span> <span class='ocrx_word' id='word_1_375' title='bbox 809 3834 870 3883; x_wconf 79' lang='lat' dir='ltr'><strong>tuta</strong></span> <span class='ocrx_word' id='word_1_376' title='bbox 880 3848 949 3885; x_wconf 82' lang='lat' dir='ltr'><strong>curae</strong></span> <span class='ocrx_word' id='word_1_377' title='bbox 958 3836 1124 3893; x_wconf 81' lang='lat' dir='ltr'><strong>bellantibus,</strong></span> <span class='ocrx_word' id='word_1_378' title='bbox 1132 3836 1180 3884; x_wconf 90' lang='lat' dir='ltr'><strong>uisi</strong></span> <span class='ocrx_word' id='word_1_379' title='bbox 1188 3836 1346 3900; x_wconf 72' lang='lat' dir='ltr'><strong>inspeciem</strong></span> <span class='ocrx_word' id='word_1_380' title='bbox 1418 3872 1420 3876; x_wconf 90' lang='lat'>-</span> 
     </span>
    </p>
   </div>
   <div class='ocr_carea' id='block_1_13' title="bbox 177 3908 1347 4280">
    <p class='ocr_par' dir='ltr' id='par_1_13' title="bbox 177 3908 1347 4199">
     <span class='ocr_line' id='line_1_44' title="bbox 237 3908 1347 3977; baseline 0.004 -18"><span class='ocrx_word' id='word_1_381' title='bbox 237 3916 282 3959; x_wconf 86' lang='lat' dir='ltr'><strong>tur</strong></span> <span class='ocrx_word' id='word_1_382' title='bbox 298 3908 408 3959; x_wconf 81' lang='lat' dir='ltr'><strong>Druidae</strong></span> <span class='ocrx_word' id='word_1_383' title='bbox 428 3922 459 3956; x_wconf 88' lang='lat' dir='ltr'><strong>eo</strong></span> <span class='ocrx_word' id='word_1_384' title='bbox 478 3920 564 3972; x_wconf 82' lang='lat' dir='ltr'><strong>sensu,</strong></span> <span class='ocrx_word' id='word_1_385' title='bbox 579 3922 631 3971; x_wconf 91' lang='lat' dir='ltr'><strong>quo</strong></span> <span class='ocrx_word' id='word_1_386' title='bbox 646 3908 691 3973; x_wconf 91' lang='lat' dir='ltr'><strong>qui</strong></span> <span class='ocrx_word' id='word_1_387' title='bbox 703 3908 769 3957; x_wconf 90' lang='lat' dir='ltr'><strong>bene</strong></span> <span class='ocrx_word' id='word_1_388' title='bbox 808 3908 902 3972; x_wconf 85' lang='lat' dir='ltr'><strong>t&#39;orte,)</strong></span> <span class='ocrx_word' id='word_1_389' title='bbox 912 3926 989 3975; x_wconf 80' lang='lat' dir='ltr'><strong>qnam</strong></span> <span class='ocrx_word' id='word_1_390' title='bbox 1006 3927 1039 3960; x_wconf 91' lang='lat' dir='ltr'><strong>ne</strong></span> <span class='ocrx_word' id='word_1_391' title='bbox 1055 3913 1094 3960; x_wconf 83' lang='lat' dir='ltr'><strong>his</strong></span> <span class='ocrx_word' id='word_1_392' title='bbox 1105 3927 1154 3977; x_wconf 88' lang='lat' dir='ltr'><strong>pro</strong></span> <span class='ocrx_word' id='word_1_393' title='bbox 1173 3913 1249 3975; x_wconf 81' lang='lat' dir='ltr'><strong>valio,</strong></span> <span class='ocrx_word' id='word_1_394' title='bbox 1259 3914 1347 3963; x_wconf 85' lang='lat' dir='ltr'><strong>mnni-</strong></span> 
     </span>
     <span class='ocr_line' id='line_1_45' title="bbox 236 3983 1347 4052; baseline 0.007 -19"><span class='ocrx_word' id='word_1_395' title='bbox 236 3983 286 4035; x_wconf 91' lang='lat' dir='ltr'><strong>sihi</strong></span> <span class='ocrx_word' id='word_1_396' title='bbox 305 3990 438 4047; x_wconf 86' lang='lat' dir='ltr'><strong>precatur,</strong></span> <span class='ocrx_word' id='word_1_397' title='bbox 459 3983 527 4031; x_wconf 86' lang='lat' dir='ltr'><strong>hosti</strong></span> <span class='ocrx_word' id='word_1_398' title='bbox 550 3984 724 4047; x_wconf 88' lang='lat' dir='ltr'><strong>imprecatur;</strong></span> <span class='ocrx_word' id='word_1_399' title='bbox 741 3990 769 4033; x_wconf 88' lang='lat' dir='ltr'><strong>et</strong></span> <span class='ocrx_word' id='word_1_400' title='bbox 808 3983 1347 4052; x_wconf 78' lang='lat' dir='ltr'><strong>mentiseastrisqnenterenturinsnleres.</strong></span> 
     </span>
     <span class='ocr_line' id='line_1_46' title="bbox 177 4060 1347 4124; baseline 0.005 -15"><span class='ocrx_word' id='word_1_401' title='bbox 177 4060 179 4063; x_wconf 83' lang='grc'><strong>’</strong></span> <span class='ocrx_word' id='word_1_402' title='bbox 237 4060 274 4110; x_wconf 90' lang='lat' dir='ltr'><strong>sic</strong></span> <span class='ocrx_word' id='word_1_403' title='bbox 283 4061 377 4124; x_wconf 82' lang='lat' dir='ltr'><strong>precari</strong></span> <span class='ocrx_word' id='word_1_404' title='bbox 392 4069 420 4109; x_wconf 87' lang='lat' dir='ltr'><strong>et</strong></span> <span class='ocrx_word' id='word_1_405' title='bbox 440 4061 564 4123; x_wconf 79' lang='lat' dir='ltr'><strong>imprecari</strong></span> <span class='ocrx_word' id='word_1_406' title='bbox 581 4060 650 4110; x_wconf 90' lang='lat' dir='ltr'><strong>idem</strong></span> <span class='ocrx_word' id='word_1_407' title='bbox 668 4060 702 4109; x_wconf 86' lang='lat' dir='ltr'><strong>eit</strong></span> <span class='ocrx_word' id='word_1_408' title='bbox 720 4061 770 4111; x_wconf 90' lang='lat' dir='ltr'><strong>hoc</strong></span> <span class='ocrx_word' id='word_1_409' title='bbox 809 4060 936 4111; x_wconf 85' lang='lat' dir='ltr'><strong>Attamen</strong></span> <span class='ocrx_word' id='word_1_410' title='bbox 945 4064 1051 4113; x_wconf 76' lang='lat' dir='ltr'><strong>Tacitus</strong></span> <span class='ocrx_word' id='word_1_411' title='bbox 1064 4064 1167 4113; x_wconf 85' lang='lat' dir='ltr'><strong>ridetur</strong></span> <span class='ocrx_word' id='word_1_412' title='bbox 1185 4078 1245 4113; x_wconf 87' lang='lat' dir='ltr'><strong>eam</strong></span> <span class='ocrx_word' id='word_1_413' title='bbox 1264 4064 1347 4115; x_wconf 75' lang='lat' dir='ltr'><strong>retio-</strong></span> 
     </span>
     <span class='ocr_line' id='line_1_47' title="bbox 237 4134 1212 4199; baseline 0.007 -15"><span class='ocrx_word' id='word_1_414' title='bbox 237 4148 307 4184; x_wconf 83' lang='lat' dir='ltr'><strong>cesu.</strong></span> <span class='ocrx_word' id='word_1_415' title='bbox 339 4134 380 4185; x_wconf 88' lang='lat' dir='ltr'><strong>De</strong></span> <span class='ocrx_word' id='word_1_416' title='bbox 400 4142 456 4185; x_wconf 83' lang='lat' dir='ltr'><strong>arte</strong></span> <span class='ocrx_word' id='word_1_417' title='bbox 476 4136 575 4199; x_wconf 77' lang='lat' dir='ltr'><strong>magica</strong></span> <span class='ocrx_word' id='word_1_418' title='bbox 586 4134 683 4186; x_wconf 85' lang='lat' dir='ltr'><strong>frustra</strong></span> <span class='ocrx_word' id='word_1_419' title='bbox 694 4136 770 4186; x_wconf 88' lang='lat' dir='ltr'><strong>intet-</strong></span> <span class='ocrx_word' id='word_1_420' title='bbox 810 4152 869 4189; x_wconf 88' lang='lat' dir='ltr'><strong>nem</strong></span> <span class='ocrx_word' id='word_1_421' title='bbox 882 4140 992 4195; x_wconf 86' lang='lat' dir='ltr'><strong>reddere</strong></span> <span class='ocrx_word' id='word_1_422' title='bbox 1002 4141 1136 4190; x_wconf 67' lang='lat' dir='ltr'><strong>eureseim</strong></span> <span class='ocrx_word' id='word_1_423' title='bbox 1151 4140 1212 4191; x_wconf 86' lang='lat' dir='ltr'><strong>sint.</strong></span> 
     </span>
    </p>

    <p class='ocr_par' dir='ltr' id='par_1_14' title="bbox 237 4208 1347 4280">
     <span class='ocr_line' id='line_1_48' title="bbox 237 4208 1347 4280; baseline 0.004 -17"><span class='ocrx_word' id='word_1_424' title='bbox 237 4208 322 4277; x_wconf 71' lang='lat' dir='ltr'><strong>ligant</strong></span> <span class='ocrx_word' id='word_1_425' title='bbox 331 4226 339 4276; x_wconf 69' lang='grc' dir='ltr'><strong>ς</strong></span> <span class='ocrx_word' id='word_1_426' title='bbox 348 4218 477 4279; x_wconf 75' lang='lat' dir='ltr'><strong>esteerte</strong></span> <span class='ocrx_word' id='word_1_427' title='bbox 489 4227 530 4268; x_wconf 86' lang='lat' dir='ltr'><strong>ers</strong></span> <span class='ocrx_word' id='word_1_428' title='bbox 542 4213 618 4267; x_wconf 84' lang='lat' dir='ltr'><strong>simul</strong></span> <span class='ocrx_word' id='word_1_429' title='bbox 629 4220 657 4265; x_wconf 87' lang='lat' dir='ltr'><strong>et</strong></span> <span class='ocrx_word' id='word_1_430' title='bbox 666 4213 770 4280; x_wconf 74' lang='lat' dir='ltr'><strong>Religio</strong></span> <span class='ocrx_word' id='word_1_431' title='bbox 842 4213 936 4279; x_wconf 66' lang='lat' dir='ltr'><strong>tras]</strong></span> <span class='ocrx_word' id='word_1_432' title='bbox 951 4216 1022 4267; x_wconf 84' lang='lat' dir='ltr'><strong>Ptin.</strong></span> <span class='ocrx_word' id='word_1_433' title='bbox 1032 4217 1052 4271; x_wconf 86' lang='grc'><strong>1.</strong></span> <span class='ocrx_word' id='word_1_434' title='bbox 1068 4229 1128 4269; x_wconf 82' lang='lat' dir='ltr'><strong>xrs.</strong></span> <span class='ocrx_word' id='word_1_435' title='bbox 1136 4220 1179 4270; x_wconf 77' lang='lat' dir='ltr'><strong>u.</strong></span> <span class='ocrx_word' id='word_1_436' title='bbox 1197 4216 1206 4246; x_wconf 88' lang='lat'>‘</span> <span class='ocrx_word' id='word_1_437' title='bbox 1217 4214 1290 4268; x_wconf 86' lang='lat' dir='ltr'><strong>Nihil</strong></span> <span class='ocrx_word' id='word_1_438' title='bbox 1298 4216 1347 4267; x_wconf 79' lang='lat' dir='ltr'><strong>he·</strong></span> 
     </span>
    </p>
   </div>
   <div class='ocr_carea' id='block_1_14' title="bbox 0 0 1498 4850">
    <p class='ocr_par' dir='ltr' id='par_1_15' title="bbox 0 0 1498 4850">
     <span class='ocr_line' id='line_1_49' title="bbox 0 0 1498 4850; baseline 0 0"><span class='ocrx_word' id='word_1_439' title='bbox 0 0 1498 4850; x_wconf 95' lang='lat' dir='ltr'><strong> </strong></span> 
     </span>
    </p>
   </div>
  </div>
 </body>
</html>
