2984 4850
154 370 327 450 scarp
412 328 419 339 ’
521 368 731 418 cunamen-
753 368 826 420 ms.
851 369 916 421 ιιι.
1174 356 1261 425 lant

157 510 327 595 Namque,
343 512 354 544 ‘
368 510 413 574 ab
431 509 509 575 lacn
523 509 676 575 Αιιῐιιο0
697 512 921 592 navigabilem
946 510 1072 579 fossam
1086 532 1194 599 usque
1218 513 1263 579 ed

156 612 242 677 ostia
267 611 444 678 Tiberinas
473 611 712 695 depressuros,'
741 616 970 695 promiserant,
998 618 1186 701 squalenti²
1208 618 1263 683 lit-

144 720 251 791 'tore,‘¹
271 719 330 777 aut
356 733 419 796 per
431 719 558 777 montes
577 714 760 779 adversos.‘
804 716 923 801 Neque
948 718 1034 783 enim
1049 718 1140 782 aliud
1153 718 1261 785 burni-

157 895 210 938 tem
220 888 254 938 ab
264 889 324 938 lacu
332 886 437 937 Averno
448 902 530 952 nsque
541 885 574 936 ad
586 888 654 936 ostia
663 886 772 950 Tiberis,
784 889 862 939 arenti
871 890 934 953 ripn,
943 889 980 939 nel
988 904 1032 953 per
1039 895 1128 941 montes
1139 888 1266 955 oppositus.

157 955 240 1015 Neque
249 953 311 1002 unm
321 953 383 1002 abur
398 954 481 1001 hunror
497 952 675 1016 suppeditandis
691 954 758 1015 cquis
775 952 824 1002 hac
836 954 942 1066 regione
953 954 1043 1021 obnisu,
1054 970 1123 1019 quum
1135 956 1264 1020 Pomptina

156 1203 225 1251 enim
236 1202 382 1268 squalidum
393 1201 544 1268 aridumque
557 1202 640 1266 littus,
656 1216 709 1251 non
720 1216 782 1251 vero
801 1216 908 1267 sequax,
920 1208 1087 1253 memoratur.
1120 1204 1263 1255 Brutia.—

662 1348 771 1399 NOTAE

154 1460 194 1509 his
202 1460 246 1525 qni
261 1460 462 1522 ridere,nernini
470 1460 605 1510 credibilis
613 1462 687 1522 iunt3
729 1468 901 1523 pertentari
921 1461 1055 1525 sexaginta
1075 1460 1264 1525 millia‚latitu·

156 1552 172 1584 a
196 1536 305 1598 privatis
340 1537 516 1598 compluribus
550 1536 687 1585 subversos
728 1536 805 1600 dinis,
826 1552 877 1601 qua
902 1538 1041 1587 contrarie
1064 1538 1263 1602 quinqueremes

154 1617 265 1673 montes,
276 1611 357 1663 muria
369 1617 502 1660 constrata
512 1614 582 1660 esse?
595 1612 687 1675 quibus
728 1619 914 1662 commearent.
948 1615 1065 1665 Quorum
1076 1628 1185 1677 eperum
1203 1628 1262 1678 per·

154 1688 215 1736 mibi
227 1687 339 1737 ludibrio
350 1687 473 1737 videntur
485 1686 564 1738 t'uisse
573 1689 686 1738 divitiae:
728 1688 899 1737 finiendorum
910 1690 1004 1752 gratia,
1021 1689 1091 1753 quod
1107 1688 1205 1754 nbique
1222 1704 1262 1741 et·

154 1764 252 1827 quippe
271 1764 453 1828 quashoneste
469 1765 565 1813 habere
581 1764 686 1826 licebat,
728 1768 769 1812 set
798 1764 924 1812 custodiae
949 1763 976 1812 in
994 1764 1099 1813 ltaliam
1120 1762 1265 1827 deportari,

153 1853 202 1901 per
211 1838 399 1902 turpitudinem
411 1839 483 1889 abuti
493 1839 687 1903 properabant!
727 1840 806 1887 etiarn
826 1840 925 1888 scelere
937 1839 1083 1900 convictos,
1100 1852 1153 1887 non
1166 1838 1214 1890 nisi
1227 1840 1261 1888 ad

190 1912 287 1964 Viribus
293 1914 420 1978 principis]
447 1914 516 1963 Plin.
529 1926 630 1963 xxxvr.
643 1918 684 1963 13.
726 1928 791 1977 opus
803 1913 920 1963 damnari
931 1912 1119 1977 preceperat?

153 1990 199 2041 irbi
221 1993 254 2041 de
272 1994 433 2057 Labyrintho
454 1992 565 2042 Italico:
588 1991 704 2041 ‘Adeo
757 1996 770 2031 Ρ
789 1990 866 2053 Usque
884 1992 916 2038 cd
934 1990 996 2039 outo
1008 1986 1131 2051 Tiberim]
1147 1988 1208 2039 Non
1228 2004 1259 2041 ea

153 2083 250 2117 resena
271 2069 402 2119 dementia
430 2070 552 2131 quesisse
568 2069 685 2130 gloriam,
723 2066 794 2129 ostiu,
803 2066 894 2131 quibus
905 2066 932 2114 in
944 2080 1015 2115 mare
1028 2063 1263 2129 confluit'l'iberis3

95 2182 99 2187 .
152 2143 284 2207 impendio
295 2145 359 2193 nulli
370 2143 516 2207 profuturo.
550 2143 686 2192 Praeterr’u
723 2141 791 2193 forte
802 2141 898 2192 fossum
918 2143 950 2192 ab
962 2141 1069 2191 Averno
1087 2142 1146 2192 lacn
1157 2142 1261 2195 hncut·

152 2216 276 2281 i'atignsse
297 2220 371 2282 regui
390 2220 468 2282 vires,
485 2226 515 2268 ut
533 2220 686 2280 tameniaps
725 2232 777 2281 que
796 2217 970 2281 navigabilem
987 2216 1092 2267 efficere
1105 2217 1260 2281 volnit‚non

152 2294 239 2358 major
249 2293 356 2344 artificis
364 2293 453 2344 esset!
607 2296 610 2300 ’
725 2299 813 2342 tamen
824 2307 879 2342 eam
899 2293 925 2341 in
936 2291 1049 2341 Tiberim
1067 2291 1208 2357 deducere,
1227 2306 1262 2343 ne

189 2370 286 2420 Viribus
293 2371 411 2436 principis
418 2370 527 2433 illudere]
538 2370 623 2423 Quam
634 2384 685 2420 me·
725 2370 928 2420 exundatiounnr
947 2383 1025 2418 cansa
1040 2366 1127 2430 foret3
1145 2374 1261 2419 ettamen

150 2446 204 2495 lior
221 2451 251 2495 et
266 2447 420 2509 prudentior
430 2439 602 2510 Vespasianus
614 2447 684 2508 apud
701 2481 706 2489 ,
726 2447 764 2495 sic
786 2447 886 2510 pariter
905 2443 976 2494 utilis
999 2445 1025 2492 in
1045 2442 1179 2508 publicum
1202 2456 1261 2495 esse

150 2521 685 2587 Suet.18.‘Mechanicoquoqnegrander
725 2521 813 2584 potuit
823 2520 978 2570 commercio
989 2526 1017 2569 et
1028 2517 1215 2569 commeatibus
1224 2519 1261 2569 in·

152 2598 286 2647 columnas
306 2598 401 2660 exigua
413 2598 531 2660 impensu
543 2596 684 2659 perducto·
724 2597 849 2646 vehendis
861 2601 888 2646 et
900 2595 956 2644 aliis
972 2591 1064 2644 causis.

151 2686 210 2722 rum
234 2673 261 2720 in
281 2673 438 2736 Capitolium
454 2673 597 2737 pollicenti,
619 2688 685 2736 prae·
757 2670 902 2734 qumientt
921 2669 1014 2733 littore]
1047 2667 1081 2719 Id
1102 2674 1153 2732 est,
1175 2668 1259 2734 arido,

151 2747 231 2796 mium
251 2763 297 2812 pro
316 2755 463 2798 commento
481 2763 534 2797 non
553 2748 683 2798 mediocre
724 2749 779 2798 sine
788 2748 922 2798 arboribus
933 2755 979 2797 aut
987 2745 1123 2797 frondibus
1144 2749 1258 2798 suther-

152 2823 261 2885 obtulit,
282 2838 389 2888 operam
413 2825 522 2888 remisit,
550 2823 684 2890 praefatus,
724 2824 773 2884 bis,
783 2830 811 2874 et
820 2839 853 2873 ne
862 2824 922 2874 dnm
932 2839 1008 2889 aque,
1019 2823 1087 2873 omni
1099 2839 1204 2889 prorsus
1214 2840 1257 2875 ca·

151 2898 254 2949 sineret
264 2914 292 2949 se
304 2900 467 2963 plebecul'n'm
479 2900 609 2963 pascere'
724 2915 783 2952 rens
794 2901 959 2952 humiditate
983 2902 1097 2950 Pieteun.
1132 2901 1192 2950 Non
1204 2901 1260 2965 sgi-

184 2973 248 3024 ⁰Ab
268 2976 321 3024 ben
335 2977 442 3040 Auerno]
470 2977 607 3027 Pliniusl.
627 2992 685 3028 xrv.
725 2983 768 3026 tur
783 2977 824 3025 hrc
836 2975 869 3024 de
889 2975 1025 3025 arboribus
1036 2982 1081 3024 aut
1098 2973 1194 3034 herbis,
1212 2973 1260 3024 sed

149 3049 265 3102 ‘Antea
290 3053 405 3103 Caecubo
432 3060 490 3103 erat
517 3055 685 3118 generositas,
725 3052 759 3100 de
768 3051 884 3101 tontibus
894 3056 922 3099 et
933 3050 1021 3099 rrrulrs
1033 3063 1078 3114 qur
1089 3055 1177 3111 coepts
1182 3061 1261 3111 Jnra

152 3125 436 3192 qnodjamintercidit,
445 3131 490 3179 et
484 3132 585 3180 incuria
594 3131 687 3194 coloni,
726 3134 795 3178 rent.

150 3203 402 3268 lociqueangnstia:
420 3206 503 3269 magis
520 3205 687 3255 tamenfossa
759 3203 882 3266 Squalenti
905 3201 996 3264 littore]
1035 3201 1116 3264 Puto,
1137 3198 1262 3265 intelligit
1297 3223 1299 3228 ¹

151 3277 276 3342 Neronis,
286 3294 362 3343 quarn
378 3295 394 3328 a
405 3280 503 3331 Baiano
515 3284 570 3332 lacu
583 3281 685 3330 Ostiam
726 3279 818 3329 littus'
812 3294 895 3343 iprum
908 3277 995 3341 fossae,
1005 3292 1083 3343 qnam
1102 3277 1199 3328 ducere
1215 3293 1261 3328 vo·

134 3360 235 3421 'usqne
245 3356 417 3420 navigabilem
428 3356 616 3407 inchoaverat!
627 3357 686 3420 Lip-
725 3354 816 3404 lebant
833 3355 866 3403 ab
877 3355 935 3404 lecu
944 3353 1047 3403 Anemo
1082 3353 1160 3406 Quod
1177 3353 1261 3419 littus,

150 3431 213 3480 rtur.
725 3445 773 3480 sen
784 3431 896 3494 spatium
907 3436 996 3492 terrm,
1008 3430 1029 3478 si
1042 3429 1138 3492 passim
1149 3428 1261 3480 heberet

184 3507 293 3570 Auerno]
313 3507 443 3571 Avernus,
454 3510 525 3558 lacus
534 3509 684 3573 Campaniae
723 3510 855 3558 humorem
868 3515 895 3558 et
907 3522 995 3574 aquas,
1004 3507 1102 3557 circum
1114 3507 1260 3558 scaturien-

151 3583 307 3646 prorinciae,
315 3589 343 3633 et
355 3586 488 3648 proximus
497 3586 595 3647 Cumis,
602 3587 685 3649 Baiis,
725 3589 775 3647 tes,
785 3585 860 3647 longe
869 3581 971 3632 facilior
981 3579 1050 3631 fossa
1058 3580 1136 3641 foret,
1144 3588 1173 3631 et
1183 3595 1261 3647 prop·

151 3665 181 3708 et
208 3660 344 3710 Puteolis:
376 3661 453 3710 hodie
479 3670 588 3711 vocatur
616 3664 685 3725 Lago
724 3665 765 3706 ter
774 3658 1101 3721 propensionemanatura
1111 3658 1261 3721 insitam,et

150 3736 497 3801 aeAvmoetdffiepergoze,
514 3739 685 3803 &impartis
726 3731 788 3795 qnia
810 3731 860 3780 huc
883 3731 971 3780 multae
992 3729 1154 3780 confluerent
1176 3745 1260 3796 aqure,

151 3813 314 3863 meridionali
324 3815 561 3877 provincire'ierrae
571 3814 689 3878 Laboris,
726 3822 784 3871 quae
796 3808 870 3855 simul
881 3814 1046 3870 congregatae
1065 3821 1205 3872 perennem
1223 3805 1260 3856 al·

151 3891 180 3940 iu
198 3905 280 3953 regno
303 3890 488 3954 Neapolitano,
509 3892 686 3941 excluseris.
726 3883 1123 3948 veumfacerentjnvarentque.

150 3967 312 4016 musonius.
760 3961 851 4010 Cnnre
869 3967 959 4008 contra
980 3958 1119 4022 squallenti
1138 3963 1167 4006 et
1186 3954 1261 4006 arido
1335 4015 1345 4035 ἱ

183 4039 383 4102 dicendumne]
398 4039 506 4090 Sueten.
514 4045 555 4090 31.
562 4041 684 4092 ‘Fossam
725 4035 779 4084 solo
790 4035 913 4084 damnata
933 4036 1010 4084 tellus
1031 4035 1213 4084 documentum
1224 4031 1263 4084 uit

151 4116 186 4168 ab
196 4115 304 4166 Auerno
314 4116 416 4164 Ostiam
428 4130 517 4179 usque,
525 4125 555 4164 ut
565 4115 684 4178 navibus,
725 4111 872 4186 pervicacis
884 4109 1080 4173 resistentisque
1091 4113 1200 4166 naturae,
1209 4120 1260 4158 uec

149 4205 201 4242 nec
212 4199 301 4242 tumen
319 4193 386 4241 mari
406 4193 499 4257 iretur,
516 4186 686 4256 longitudinis
724 4205 816 4256 aquarn
827 4191 889 4242 illuc
901 4191 970 4241 ultro
983 4201 1100 4253 vergere,
1109 4200 1159 4238 nec
1169 4183 1261 4237 favus
