2984 4850
249 343 339 424 1⁷⁷4
609 357 642 419 p.
664 354 847 404 annuntii
863 354 998 407 ,nactur
1195 357 1352 424 [auara

250 506 309 570 tati
323 501 445 586 grando
460 500 662 566 desiderium
686 501 761 585 ejus
782 500 915 576 mansit,
931 520 992 583 per
1005 499 1200 564 memoriam
1214 500 1354 582 virtutis,

249 613 283 671 et
296 624 524 670 successorum
551 604 685 668 alterius
707 605 841 688 segnem
862 604 1111 679 innocentiam,¹
1136 603 1272 668 alterius
1293 605 1353 668 fla·
1420 673 1423 679 Α

248 707 460 789 grautissima
474 705 599 787 flagitia
613 715 647 768 et
659 702 854 770 adulteriaz⁶
885 705 1011 787 quippe
1026 703 1145 767 Caesar
1160 703 1247 768 duos
1262 704 1354 769 Prae-

245 809 339 873 toriis
352 808 542 871 cohortibus
555 801 781 891 imposueratz
815 805 952 869 Fenium
977 805 1117 883 Rufum,
1132 827 1177 870 ex
1191 807 1287 888 vulgi
1300 806 1353 872 fa·
1407 894 1413 900 ν

245 988 385 1052 tiqsit,cam
403 990 582 1038 recordarentur
595 989 754 1038 cantantium
772 989 846 1048 atta,
865 993 889 1037 et
908 995 1000 1038 contra
1016 985 1180 1049 pascuarum
1197 987 1355 1050 uqaentiun,

245 1053 341 1102 altuino
350 1053 450 1102 inertem
460 1054 645 1114 simplicitatem,
656 1059 681 1102 ct
699 1055 800 1102 atterius
810 1052 978 1101 ανάιπέίωίικα
996 1052 1230 1113 uitiatibidtnesqse
1250 1058 1354 1115 spectu·

246 1124 322 1168 rsut:
338 1116 905 1182 aunstraduasproetsricrnititiproesecerat:
924 1115 1171 1177 unimammas
1183 1115 1355 1182 impeta,

713 1278 891 1299 ”oemunt

246 1371 417 1434 Puteolanus,
426 1375 616 1440 raucitantiquc:
632 1384 660 1426 et
672 1378 709 1426 sic
721 1379 840 1442 Ryckius
851 1384 879 1427 et
890 1377 1048 1427 Gronovius.
1083 1376 1183 1439 Copula
1197 1390 1242 1439 quc
1253 1374 1356 1425 sbests

247 1439 313 1488 Mas.
325 1441 392 1488 Flor.
403 1441 470 1502 Reg.
482 1439 598 1490 editione
617 1441 736 1504 principe
755 1451 784 1492 et
802 1443 1002 1492 recentioribus.
1036 1441 1181 1503 Perpetem
1202 1440 1281 1503 uulgo
1300 1440 1357 1488 brec

241 1504 344 1567 juncta,
353 1504 535 1568 sanitatique,
545 1507 585 1553 ret
595 1506 728 1555 sciscitanti
737 1507 849 1556 Marnas
859 1507 1064 1570 reposuissem
1075 1520 1112 1553 rac
1121 1505 1179 1554 bens
1189 1504 1271 1554 iudea.
1296 1504 1358 1552 Dis·

247 1567 428 1630 tinguendum,
444 1567 586 1626 sciscitanti,
600 1569 732 1630 Hactenus,
742 1572 897 1632 respondisse,
908 1587 951 1632 ega
962 1585 999 1618 mc
1010 1569 1066 1619 benc
1081 1568 1163 1630 habea,
1178 1569 1290 1618 suadent
1300 1569 1358 1630 ipsa

248 1632 363 1681 narratio
382 1632 589 1695 scriptorumque
611 1647 679 1682 usus.
725 1635 827 1698 idjam
848 1641 985 1684 monuerat
1005 1633 1137 1684 Heinsius.
1173 1633 1297 1682 taem-6
1314 1633 1359 1682 lta

248 1693 407 1745 Puteolanus
419 1705 446 1744 et
458 1696 539 1745 ceteri
551 1711 647 1746 omues.
681 1697 713 1746 111
725 1699 791 1749 Mas.
802 1700 867 1761 Reg.
880 1699 958 1748 Corb.
971 1705 1000 1747 et
1012 1698 1126 1747 editione
1139 1697 1268 1760 principe,
1280 1695 1359 1758 flugi-

247 1759 286 1809 tia
304 1763 335 1809 ud
351 1761 452 1817 ultimu,·
477 1761 546 1836 quod
566 1776 618 1809 uon
637 1762 673 1810 itu
691 1763 876 1826 spernendum.
917 1764 975 1812 Nec
993 1763 1062 1810 cuim
1082 1761 1218 1824 probabile
1237 1761 1359 1809 Tacitum

247 1823 1358 1955 ttt⁸ttttt¹tttt⁰ttttttrtt“titt“ttetttttffittb*²

402 1924 409 1952 ‚
546 1925 554 1952 ‚
633 1924 638 1929 ,
813 1926 820 1941 ,
883 1927 890 1941 ,
943 1925 950 1939 ,
1165 1925 1172 1939 ,
1315 1913 1357 1939 ‚-

745 2035 857 2086 NOTAE

248 2127 301 2190 bea]
334 2126 376 2177 Aa
398 2128 626 2192 incomparabilem
647 2131 782 2181 Heiusinm
823 2131 880 2192 bas,
901 2131 969 2181 ferro
997 2147 1025 2182 se
1046 2128 1305 2188 transverberarent,
1328 2137 1358 2180 et

248 2204 322 2254 uubis
339 2205 449 2254 eundum
469 2212 517 2256 est.
560 2207 657 2256 Scribit
676 2208 731 2270 itte,
751 2223 781 2258 ac
822 2203 1357 2273 quarentibusubiimperatoresset‚1m·

248 2279 403 2343 distinguit:
429 2282 613 2346 sciscitantique,
623 2284 735 2333 tractmas
746 2300 783 2334 rc-
821 2290 938 2348 perator,
949 2284 1041 2348 iuquit,
1051 2284 1117 2333 bene
1126 2295 1182 2331 sese
1191 2281 1279 2330 babet.
1296 2281 1356 2330 Vox

246 2357 427 2419 sprndissc,ega
446 2373 482 2408 rae
500 2358 556 2408 deae
571 2358 651 2410 babeo.
684 2361 783 2423 Verba,
821 2361 879 2408 beec
892 2359 964 2422 ilium
977 2374 1065 2422 parem
1081 2357 1219 2422 maioribus
1236 2355 1312 2414 fecit,
1329 2364 1357 2406 et

247 2432 363 2499 iuquam,
380 2435 474 2485 Burrbi
490 2443 560 2497 sunt,
571 2437 683 2487 tractem
690 2453 734 2500 ega
744 2453 782 2487 sne
821 2436 926 2487 fatalem
934 2437 1098 2501 Scipionibus
1108 2436 1134 2483 in
1144 2432 1236 2484 Africa
1245 2432 1356 2497 gloriam

144 2551 148 2555 .
246 2509 403 2559 tmtutec:
425 2511 533 2573 bocest,
550 2512 782 2564 donecuocessisti
821 2522 923 2564 nonest
934 2512 1087 2576 interrumpi
1097 2510 1191 2575 passa,'
1208 2514 1258 2560 &a
1293 2510 1356 2560 Gre-

247 2592 374 2649 tu,squo
386 2588 485 2649 petitus
498 2603 597 2637 veneno
610 2604 675 2639 snm.
820 2592 913 2640 nmina
1014 2645 1024 2659 .

279 2658 367 2709 Acute
388 2660 506 2733 proiecto
523 2678 554 2713 ac
572 2665 663 2716 libere.
704 2667 782 2719 Quod
854 2664 1003 2728 Μανῆ]
1036 2665 1148 2727 Nempe,
1174 2660 1303 2727 quomodo
1327 2675 1355 2711 sc

247 2748 299 2784 nou
320 2735 465 2800 mirabitur,
476 2738 520 2801 qui
538 2740 608 2801 apud
621 2740 782 2804 Xipbilinum
820 2742 937 2805 baberet,
949 2739 1077 2805 quomodo
1088 2738 1204 2788 valeret?
1225 2752 1274 2787 nec
1285 2736 1354 2786 uliud

246 2812 320 2875 leget
331 2811 357 2859 iu
370 2811 485 2875 Nerone,
506 2813 644 2878 Burrhum,
663 2830 722 2865 cum
740 2817 781 2867 bis
820 2824 870 2878 cst,
881 2818 949 2883 quod
961 2817 1033 2882 prius
1051 2814 1182 2879 inquirere
1202 2813 1285 2877 possit
1302 2814 1355 2876 ilic,

246 2885 315 2935 idem
326 2887 399 2937 Nero
411 2893 576 2951 rugaret,ore
585 2889 716 2941 liberrimo
726 2892 782 2940 dix·
821 2895 865 2958 qui
876 2908 975 2959 regrum
986 2892 1083 2955 inrisit,
1089 2899 1116 2941 et
1125 2897 1204 2953 amat,
1213 2896 1259 2940 aut
1267 2904 1355 2941 amam

244 2962 311 3014 isse:
329 2965 390 3013 ‘De
402 2964 494 3031 quibus
513 2965 592 3013 semet
612 2980 661 3030 ego
681 2966 781 3031 dixero,
819 2970 904 3035 fingit.

173 3056 178 3065 ·
246 3041 627 3106 nemeampiiusiuterroges.'
654 3042 780 3093 Boubarn.
852 3043 1160 3109 tSegnerainneccntiarn]
1181 3042 1356 3093 SiuHordeo·

278 3120 351 3167 Falsa
362 3118 594 3179 distinctin,faisus
604 3135 701 3172 seusus.
718 3122 780 3171 Nou
820 3123 877 3171 nius
889 3130 997 3171 vocatur
1014 3121 1088 3170 libris
1103 3120 1203 3169 Histor.
1221 3118 1356 3168 innocentis

245 3192 320 3255 dicit,
331 3194 455 3244 hactenus
469 3208 496 3243 se
508 3195 572 3244 bene
584 3195 713 3261 babuisse,
733 3198 780 3248 sed
819 3213 905 3259 mars,
917 3199 942 3247 id
955 3204 1004 3259 est,
1023 3197 1115 3246 nutlius
1125 3196 1199 3257 artis,
1210 3202 1256 3243 aut
1266 3194 1355 3243 indus·

245 3267 390 3317 sciscitanti
412 3269 521 3330 Neroni,
545 3271 593 3319 buc
614 3279 779 3333 tuntumre-
820 3274 888 3335 trite,
909 3273 1003 3337 ἄπορος,
1024 3274 1092 3336 inops
1111 3272 1212 3321 consitis¹
1262 3270 1355 3320 Virtus

246 3342 352 3408 spondit
363 3344 492 3393 Burrhus:
512 3346 567 3406 Ego
577 3362 615 3395 me
625 3348 681 3397 tene
690 3349 778 3399 iubeo.-
820 3348 947 3411 Rempub.
956 3347 1116 3409 capessentis
1126 3346 1175 3395 viri
1184 3346 1279 3395 babere
1289 3344 1355 3394 duas

244 3418 294 3469 hoc
316 3425 365 3479 est,
386 3421 456 3469 nulla
479 3419 548 3469 ultra
572 3423 650 3472 verba
673 3424 780 3488 adjecit,
820 3432 909 3487 partes
920 3424 1010 3482 debet,
1024 3422 1192 3487 inurentium,
1210 3435 1255 3471 seu
1276 3421 1355 3485 absti-

246 3493 316 3559 quud
332 3495 480 3545 libertatem
499 3495 553 3559 ejus
571 3512 633 3561 erga
649 3498 780 3549 dominan-
819 3500 945 3561 neutinm,
956 3505 984 3547 et
995 3498 1145 3559 industriam,
1161 3498 1266 3561 vimque
1281 3496 1356 3559 iuge·

246 3576 299 3621 tem
310 3571 466 3622 manifestat.
818 3575 866 3636 uii,
876 3590 926 3639 qua
943 3574 1049 3637 negotia
1063 3572 1283 3637 difficultatesque
1296 3586 1356 3636 per·

279 3648 418 3698 Commode
428 3648 620 3710 iilud,bactcnus
629 3653 781 3717 respondisse,
816 3657 930 3713 rumpat.

244 3729 334 3787 potest
345 3726 439 3787 exponi
460 3741 507 3789 per
524 3728 678 3778 tractantem.
713 3730 779 3778 Vide
852 3726 968 3774 Priruam
980 3732 1080 3789 partem
1091 3726 1183 3776 habuit
1195 3724 1291 3789 Rufus,
1300 3740 1354 3775 uon

246 3798 359 3849 Observ.
378 3800 403 3848 in
421 3802 522 3852 Euclea·
545 3808 654 3867 capit.
693 3804 726 3854 In
746 3819 779 3854 eo
819 3801 936 3849 alteram.
958 3801 1197 3865 Quaedumingenia
1209 3800 1356 3851 vixsuffici·

245 3883 333 3926 sutem
356 3892 477 3939 responso
499 3894 558 3942 qna
580 3880 618 3929 vis
642 3880 685 3942 sit,
707 3880 779 3930 dicet
819 3888 865 3926 uut
876 3880 1016 3942 prosperis,
1027 3886 1054 3929 et
1066 3887 1125 3927 sunt
1136 3878 1287 3927 innocentia
1298 3890 1355 3943 seg·

245 3952 343 4005 Seneca
362 3955 447 4017 Epist.
468 3960 508 4005 24.
524 3957 617 4007 ‘Sicut
637 3958 707 4006 illurn
729 3959 777 4009 Cu.
819 3967 864 4004 nes
885 3968 915 4003 ao
935 3954 1030 4016 auberi,
1051 3963 1152 4005 tantum
1171 3956 1259 4017 abest,
1273 3961 1304 4004 ut
1324 3966 1353 4003 se

182 4044 185 4051 ’
243 4026 364 4091 Pompeii
375 4044 488 4078 socerum
500 4030 706 4097 Scipionem,qui
717 4047 779 4083 con·
818 4030 973 4094 negotiaque
1002 4030 1161 4082 dlfficitlimis
1193 4032 1352 4097 temporibus

244 4104 327 4152 uario
338 4104 365 4153 in
376 4103 493 4155 Africam
513 4112 590 4155 vento
602 4108 707 4171 retatus,
719 4125 778 4159 cum
818 4105 970 4171 expediant.

245 4178 328 4229 teucri
346 4194 438 4231 nauem
454 4195 527 4231 suam
544 4180 645 4233 videret
657 4184 690 4233 sb
701 4184 780 4235 bosti-
