2984 4850
1243 216 1256 245 ἱ

154 432 200 485 4,
213 432 307 498 Μ]
533 424 741 479 ausimum
765 430 839 479 nis.
856 432 919 480 xv.
1192 402 1279 482 1989

171 572 371 649 detraxerat,
394 570 622 654 gestabatque⁷
639 566 740 637 velnt‘
749 590 869 653 magno
885 568 990 654 operi⁸
1006 588 1148 635 saonam.
1195 574 1206 604 ‘
1222 570 1277 634 In·

171 672 267 735 terim
282 672 365 737 Piso
380 672 471 755 apud
487 672 595 735 oedem
609 670 755 734 Cereris¹
769 663 983 755 epperiretur,
995 669 1082 733 unde
1096 687 1171 733 eum
1182 660 1277 738 Pie-

171 774 279 837 iectns
303 771 430 836 Fenius
445 779 478 835 et
493 771 594 835 ceteri
608 772 756 835 accitum
770 771 888 835 ferrent
902 771 937 834 in
952 775 1074 849 cestra,
1099 770 1277 835 comitante

172 854 349 958 Ansina*
371 871 503 935 clauos
519 870 669 934 essens
684 843 766 949 lina,
791 870 835 935 ad
855 871 1054 935 eliciendum
1068 871 1160 953 vulgi
1184 872 1278 935 favo-

172 993 241 1037 rem
251 972 271 1037 :⁹
293 973 383 1055 qnod
401 971 439 1035 C.
456 971 587 1036 Plinius
599 975 775 1035 memorat.
788 984 790 989 '
821 971 933 1037 Nobis
948 972 1196 1056 quoquomodo
1210 976 1278 1037 tra·

173 1074 278 1138 ditium
291 1094 356 1138 non
370 1074 537 1137 occultare
548 1073 584 1135 in
597 1074 708 1136 animo
722 1073 799 1150 fuit,
824 1075 976 1157 quamvis
990 1073 1171 1138 absurdum
1185 1074 1278 1138 vide·

172 1179 272 1251 retur,
294 1180 353 1237 aut
366 1155 507 1236 nibem
529 1172 574 1235 ad
588 1163 698 1256 spim⁹
712 1170 902 1238 Antoniamj
916 1192 1033 1237 nomen
1046 1178 1079 1237 et
1092 1175 1278 1258 perieulum

171 1342 237 1387 tua
246 1337 312 1400 opud
327 1336 485 1385 Fmentossm
498 1335 618 1398 oppidum,
627 1334 771 1398 ferebatque
782 1336 863 1385 telum
874 1340 986 1399 tanquam
997 1350 1081 1397 mopso
1094 1334 1205 1395 facinori
1215 1337 1279 1389 dieu·

173 1407 234 1450 tem·
267 1399 373 1449 Interea
393 1400 455 1448 Piso
474 1406 627 1461 expectaret
646 1401 673 1448 in
693 1401 791 1463 templo
812 1400 924 1460 Cereris,
947 1400 1015 1449 unde
1038 1400 1109 1449 illum
1134 1399 1277 1463 prefectus

173 1464 269 1514 Fenins
280 1471 310 1514 et
319 1464 412 1527 reliqui
429 1463 549 1523 coniurati
559 1464 713 1512 accersitum
723 1464 750 1511 in
763 1470 848 1513 castra
863 1467 997 1527 raperent,
1017 1462 1142 1525 adJnneta
1152 1463 1279 1529 Antonia,

174 1528 285 1578 claudio
300 1528 419 1591 principe
431 1528 527 1591 genite,
543 1526 576 1574 ad
589 1526 765 1576 conciliandos
778 1527 860 1590 plebis
872 1527 985 1576 animos:
1003 1529 1063 1589 quod
1076 1528 1105 1576 C.
1120 1527 1218 1576 Plinius
1228 1535 1279 1578 tru-

173 1590 222 1642 oin
256 1592 291 1640 Et
310 1606 352 1639 nos
368 1592 394 1641 id
413 1591 577 1654 quovismodo
598 1595 760 1653 memoratum,
777 1592 903 1653 preloriro
921 1591 1015 1639 silentio
1032 1591 1284 1654 malmesmeriensis,

173 1656 281 1720 inopem
298 1656 427 1717 videretur,
443 1656 481 1703 nel
495 1655 626 1704 Antoniam
642 1655 712 1703 inuno
729 1655 866 1705 meabilem
880 1659 904 1703 ot
920 1654 1046 1703 discrimen
1060 1656 1093 1705 od
1111 1670 1176 1719 spem
1194 1670 1278 1705 ensem

636 1777 725 1797 oenoe
728 1776 815 1797 ΙΝΙΙΟ

173 1865 189 1911 7
206 1862 314 1910 Frustra
330 1859 430 1909 divinat
445 1859 557 1925 Lipsius,
572 1860 723 1924 testobotqao
733 1862 775 1910 vel
790 1860 957 1923 instabatque:
973 1862 1099 1910 Ernestns
1115 1860 1278 1923 sonabatque.

175 1925 338 1974 Hierion-8
355 1924 400 1973 Sio
418 1924 484 1973 bene
503 1923 628 1973 Pielrena.
660 1924 692 1973 In
712 1926 778 1974 Mss.
791 1925 860 1973 Flos.
879 1931 907 1973 et
925 1926 990 1987 Reg.
1007 1939 1122 1987 mngnoo
1166 1926 1193 1973 '.
1226 1924 1278 1973 Mo.

174 1989 240 2052 Agr.
251 1995 280 2037 et
289 1988 371 2037 editio
383 1988 514 2051 princeps,
523 1988 678 2051 magnopon's.
709 1988 774 2037 Mos.
783 1988 858 2038 Harl.
875 1988 952 2037 Bodl.
968 1988 1024 2038 Jes.
1043 1988 1111 2037 Geel
1124 2024 1131 2037 .
1142 1994 1170 2038 et
1182 1990 1278 2038 Puteo·

173 2052 442 2115 lannemngsioperis.
474 2052 546 2101 Male
558 2052 771 2115 Lipsius,mngnis
781 2054 866 2115 operis.
884 2052 998 2103 Brotier.
1023 2054 1170 2115 Magnopere
1180 2053 1278 2101 veilent

60 2162 67 2167 .
174 2116 333 2180 Bipont.-9
349 2116 392 2166 lta
403 2115 545 2166 Piohenne
563 2116 695 2166 MaFlor.
711 2116 802 2181 inquo
819 2122 861 2165 unt
876 2116 999 2166 innocent
1015 2131 1087 2179 spem
1120 2116 1278 2181 Sitquoqne

678 2254 785 2305 NOTAE

135 2395 142 2407 ,
174 2348 349 2399 Hernicorum
363 2349 515 2413 populorum
525 2349 551 2397 in
562 2350 639 2399 latio
649 2365 707 2413 pro·
780 2350 909 2413 Gestabat]
943 2351 1025 2413 Bene,
1043 2348 1171 2411 gestobatr
1187 2360 1280 2411 nempe

173 2426 270 2475 vincia.
302 2427 389 2476 Hodie
408 2427 543 2488 Ferentino,
556 2426 619 2476 urbs
631 2427 707 2476 Cam·
747 2428 854 2478 consilio
866 2434 893 2476 et
904 2427 1078 2476 destinatione
1090 2422 1176 2486 magui
1186 2422 1280 2486 operis.

174 2501 272 2564 puniar,
283 2500 434 2564 Campania
451 2503 573 2550 Romnum
583 2517 670 2550 versus
681 2516 708 2551 o·
781 2501 908 2564 Gestabat]
932 2500 1063 2551 Gestabat
1072 2513 1167 2561 nempe
1179 2498 1210 2547 ad
1220 2512 1282 2548 exe-

172 2575 296 2639 nonam,
307 2577 333 2624 in
344 2577 422 2627 Statu
431 2577 623 2627 Ecclesiastico.
643 2577 698 2626 titt.
748 2575 877 2642 quendum
889 2575 999 2626 larinus.
1030 2577 1090 2626 Non
1103 2573 1171 2638 qnod
1182 2588 1230 2637 pro
1241 2587 1282 2623 so·

206 2648 391 2716 remeasse
401 2651 649 2714 oolst]Gestabatue
662 2666 708 2716 pu·
746 2652 795 2701 lito
816 2656 931 2714 gestaret
950 2652 1023 2700 illum
1045 2651 1200 2715 pugionem
1234 2649 1281 2699 sed

174 2724 298 2790 gienem?
330 2728 390 2777 Non
402 2727 423 2776 is
434 2742 490 2777 mos
501 2729 600 2790 Romae,
620 2735 648 2778 et
659 2742 707 2792 per
748 2731 894 2792 gestaturus
906 2725 957 2776 init
965 2727 992 2775 in
1004 2741 1035 2778 ea
1047 2725 1193 2776 occasione.
1221 2726 1281 2774 Ges·

173 2803 242 2852 huno
258 2803 402 2860 vanitatem
418 2805 495 2853 homo
514 2818 542 2853 se
562 2805 647 2868 palam
667 2818 707 2853 re·
746 2803 822 2864 tubat,
834 2802 861 2851 id
874 2809 924 2866 est,
941 2817 969 2851 se
981 2809 1142 2866 gestatorum
1149 2800 1284 2866 jactabat,

173 2877 294 2928 texisset.
326 2877 405 2928 Aliud
423 2879 611 2928 omninoverbi
627 2878 708 2929 inisse
746 2878 905 2928 destinabat.
1041 2920 1043 2924 .

172 2953 707 3018 suspicorrsoroobotqoe;jnctsbosqoe,snt
780 2954 916 3016 scores]
947 2954 1025 3003 AEdes
1044 2954 1103 3002 drrae
1125 2953 1233 3004 fuerunt
1255 2953 1281 3002 in

174 3029 239 3079 mle.
254 3029 358 3092 Lipsius.
394 3030 519 3091 Gedobot,
530 3030 556 3078 id
565 3036 708 3094 estosten·
748 3030 854 3093 regione
866 3029 976 3077 Decima
991 3035 1019 3077 et
1037 3027 1181 3076 Undecima
1192 3028 1281 3076 Menae

172 3103 268 3164 tabat3
283 3119 334 3152 non
345 3105 450 3168 quidem
469 3105 565 3168 palam,
583 3104 630 3153 sed
641 3104 708 3153 elam
748 3106 871 3169 antiques.
905 3105 945 3152 Ex
963 3102 1074 3153 Nardini
1095 3103 1185 3164 Rome,
1204 3103 1223 3151 l.
1241 3095 1281 3152 tr.

174 3181 252 3232 sociis
263 3187 291 3230 et
301 3183 453 3244 conjuratis.
748 3195 772 3230 c.
782 3185 822 3230 12.
841 3195 868 3244 p.
877 3184 952 3230 esta
969 3184 997 3229 et
1015 3180 1032 3228 l.
1043 3191 1092 3229 vu.
1111 3193 1134 3228 e.
1148 3181 1171 3226 ³.
1184 3194 1211 3243 p.
1222 3182 1280 3229 422.

208 3256 453 3319 Gestubatqueoelat]
478 3257 618 3320 Vulgatnnr
627 3261 707 3318 gesso-
751 3255 871 3304 lissomoii.

172 3333 339 3394 bstqunoelst
348 3333 432 3394 inopi
441 3331 518 3395 operis
526 3346 629 3393 umen,
638 3331 707 3396 quod
780 3329 792 3363 l
807 3329 926 3393 Antonin]
942 3329 1015 3378 Suet.
1027 3327 1120 3379 Claud.
1130 3333 1172 3378 2⁷.
1188 3329 1282 3379 ‘Libe-

173 3407 320 3456 Grtecismo
342 3414 431 3471 posset
453 3407 573 3458 defendi·
601 3406 708 3470 Apollo·
748 3421 790 3457 ros
801 3421 835 3456 ex
854 3406 937 3455 tribus
958 3403 1080 3454 uxoribus
1093 3405 1170 3453 tulit:
1187 3417 1221 3452 ex
1231 3405 1282 3454 Ur·

171 3482 234 3532 sius
245 3482 362 3532 Rhodius
374 3485 390 3533 Ι.
401 3497 434 3533 rr.
451 3483 497 3532 ‘Si
517 3497 581 3546 ergo
600 3483 708 3531 insulam
749 3483 873 3546 gnlanilla
894 3484 1009 3534 Drusum
1032 3486 1060 3530 et
1080 3481 1229 3531 claudiam:
1247 3497 1282 3532 ex

173 3555 306 3620 Apollinis
322 3573 420 3607 saemm
440 3557 584 3608 deflemus!
615 3556 711 3626 Strabo
751 3561 849 3610 Potine
860 3557 1006 3620 Antoniam,
1016 3560 1066 3606 boo.
1082 3556 1282 3611 Antoniam-Cn.

172 3631 193 3680 l.
204 3644 265 3682 xiv.
275 3631 320 3681 ubi
331 3633 364 3682 de
375 3633 441 3682 colle
453 3634 573 3704 qnodpm
591 3633 635 3697 qni
645 3623 711 3682 sotor
750 3633 878 3698 Pompeio
892 3634 999 3696 Magno,
1010 3631 1105 3682 deinde
1116 3633 1210 3683 Fausto
1226 3633 1283 3696 Syl·

179 3707 287 3759 venen.
310 3711 439 3761 Lucienus
452 3711 615 3760 Hermotimo
625 3727 632 3759 ι
643 3713 651 3738 ‘
661 3711 710 3759 Ur·
750 3710 793 3772 lae,
804 3707 968 3758 nobilissimis
978 3707 1127 3771 juvenibus,
1143 3711 1193 3758 tte.
1205 3709 1283 3758 eollo·

174 3793 345 3850 stupentes
356 3794 426 3837 astat
437 3801 510 3836 saera
521 3784 601 3836 Dei!
751 3785 841 3847 cavit3'
863 3783 909 3832 sed
919 3798 963 3832 eos
975 3783 1114 3846 recusavit,
1131 3789 1176 3832 aut
1187 3783 1283 3831 intere·

208 3861 277 3911 Nsm
288 3864 382 3924 mom
397 3862 504 3925 operibns
514 3861 617 3910 omnino
632 3860 709 3909 male.
751 3862 806 3910 mit.
831 3861 865 3910 Et
875 3860 939 3909 Ner.
952 3873 975 3908 o.
987 3863 1028 3908 85.
1038 3860 1045 3887 ‘
1057 3857 1196 3907 Antoniam
1208 3857 1284 3906 Clau.

175 3939 279 3989 Plinius
291 3953 331 3989 ιι.
342 3943 384 3989 77.
396 3940 404 3968 ‘
418 3940 486 4002 Lupi
497 3939 592 3988 dexter
604 3937 710 3987 caninus
752 3937 788 3985 dii
797 3935 876 3984 liliam
895 3938 1068 3998 recusantem,
1086 3936 1146 3994 post
1158 3931 1283 3994 Poppaete

174 4013 202 4062 in
214 4013 313 4077 maguis
324 4013 436 4063 habetur
447 4013 587 4078 operibus!
606 4014 710 4062 Gronov.
751 4017 870 4072 mortem,
888 4008 995 4072 nuptias
1006 4021 1073 4068 suso,
1093 4004 1165 4069 qnasi
1175 4004 1284 4055 molitri-

208 4089 269 4138 Non
280 4087 350 4137 forte
362 4094 414 4137 tam
432 4090 509 4151 male,
524 4090 620 4152 mugnis
636 4089 712 4152 operi·
752 4103 809 4138 cern
821 4101 945 4138 novarum
957 4079 1186 4134 rerumintermlt.'

172 4164 226 4212 bus.
259 4163 302 4214 Sio
312 4163 383 4212 eninr
393 4165 609 4228 superstitionem
621 4171 711 4219 exten·
783 4161 916 4224 ¹lnosom]
943 4162 1022 4212 Forte
1034 4157 1098 4208 dicit
1107 4156 1210 4218 inanem,
1230 4171 1282 4208 non

173 4240 267 4307 debet,
276 4241 453 4308 inoitsbstqne
464 4242 569 4294 animos.
751 4240 812 4306 quia
834 4239 917 4291 inemo
937 4250 998 4300 spes
1018 4231 1138 4300 imperii;
1155 4232 1201 4284 sed
1223 4233 1283 4300 qnia
