2984 4850
235 304 324 387 2008
594 337 627 380 o.
648 330 831 383 connnurr
852 333 981 383 rucrrr
1178 338 1342 405 [numm.

234 485 391 546 testator:
406 482 418 513 ‘
429 479 525 562 cujus
539 478 569 540 si
583 494 743 540 memores
755 479 877 553 essent,
891 476 1051 550 bonarum
1065 475 1185 541 artium
1196 476 1342 554 somam,

121 592 190 652 ,φα
232 581 513 656 lamtconstautis
527 578 682 643 amicitiae
699 575 847 642 laturos!
892 576 997 640 Simul
1021 578 1340 661 lacrymaseomm,

233 682 336 745 ruodo
359 700 522 755 sermone,
545 680 644 744 modo
667 680 833 756 intentior,
853 679 889 741 in
911 676 1047 741 modum
1068 676 1261 755 coercentis,
1288 678 1341 743 ad

233 779 463 844 firmitudinem
485 786 634 855 revocat,
651 781 796 861 rogitans
808 800 817 859 3
830 782 851 811 '‘
866 780 925 841 ubi
946 784 1113 861 praccepta
1132 778 1338 861 sapientiae‘l

233 881 293 945 ubi
306 886 356 945 tot
369 902 428 964 per
443 900 546 945 annos
559 881 717 946 meditata
730 882 818 945 ratio
831 882 1007 943 adversum
1020 880 1247 951 imminentiat
1266 878 1339 943 Cui

233 980 319 1044 enim
330 981 480 1063 ignaram
488 981 595 1045 luisse
609 982 774 1044 soevitiam
782 980 954 1069 ¹Neronisl
978 978 1099 1063 Neque
1113 978 1203 1043 aliud
1218 999 1339 1063 super·

232 1100 318 1157 osse,
333 1087 411 1165 post
424 1088 562 1147 matrem
574 1082 772 1165 fratremque
794 1082 992 1159 interfectos
1009 1101 1110 1167 quam
1124 1085 1161 1143 ut
1175 1079 1337 1145 educato-

232 1182 279 1245 ris
291 1184 575 1266 praeceptorisque
590 1202 703 1248 necem
718 1182 901 1265 adjiceret’

274 1284 329 1347 63.
351 1282 421 1347 Ubi
445 1285 520 1349 baec
545 1289 644 1368 atque
671 1284 763 1347 talia¹
792 1284 1024 1347 incommune
1053 1283 1218 1360 disseruit,
1239 1298 1337 1346 com·

230 1382 385 1468 plectitur
410 1403 560 1462 uxorem,
585 1391 630 1462 ct,
655 1382 841 1469 paululum‘
865 1384 1026 1450 adversus
1046 1390 1243 1468 praesentem
1265 1383 1336 1447 sor-

230 1562 375 1612 temtirmoe
386 1563 507 1613 amicitiae
525 1564 607 1626 gloria
617 1563 750 1615 florerent.
782 1565 902 1629 armetque
917 1566 943 1615 in
952 1566 1016 1629 fleta
1031 1564 1127 1629 edituos,
1137 1566 1256 1615 interdum
1272 1558 1336 1615 leni-

230 1632 282 1676 tate
291 1628 421 1685 mrborum,
431 1628 549 1676 interm
563 1635 591 1677 et
601 1630 790 1678 averterimus·
800 1630 929 1678 collidentia
939 1629 1062 1693 dolorem,
1072 1634 1103 1679 od
1118 1632 1274 1679 connominari
1283 1632 1335 1678 eri·

228 1691 278 1753 git,
286 1691 396 1739 subinde
405 1706 508 1752 rogom:
525 1692 579 1739 Ubi
596 1701 730 1755 precepta
751 1693 936 1755 philosophia?
952 1694 995 1743 ubi
1012 1708 1061 1757 per
1080 1701 1120 1744 tot
1137 1708 1216 1742 annos
1228 1692 1335 1745 firmate

211 1759 497 1817 etpraepamte'roem
509 1755 633 1804 adversus
643 1756 807 1808 accidentia?
824 1758 873 1806 Cui
890 1758 959 1806 enim
978 1758 1037 1807 inex
1058 1764 1140 1807 ettam
1152 1756 1231 1807 fuisse
1247 1757 1334 1806 Nero-

229 1819 271 1867 nis
281 1819 486 1868 immanitatem?
503 1820 575 1868 Nihil
586 1820 657 1868 aliud
667 1820 777 1883 relinqui
789 1826 848 1884 post
868 1828 967 1885 petrem
985 1829 1014 1871 et
1034 1774 1142 1871 Fratrem
1165 1817 1333 1884 interfectos,

229 1882 280 1932 nisi
289 1888 319 1931 ut
328 1884 437 1931 rectoris
448 1889 475 1931 et
486 1885 606 1945 magistri·
613 1883 712 1933 caedem
723 1883 840 1933 adderet.
1183 1886 1201 1899 ''

232 1975 236 1983 -
262 1948 392 2016 Poetqecm
399 1947 449 1996 tce
457 1951 481 1995 et
491 1947 579 1997 cimilia
588 1948 650 1997 odet
659 1948 685 1995 in
698 1960 816 1997 commone
829 1948 940 2013 protulit,
957 1948 1076 1999 armum
1093 1948 1223 2014 cotn‘ngon,
1238 1954 1263 1999 et
1275 1956 1331 1999 tum

689 2088 868 2111 WOONNOO

227 2220 342 2273 Brotier.
384 2222 470 2284 Vulgo
488 2220 516 2268 iu
535 2220 601 2269 Mos.
624 2226 653 2269 et
674 2220 805 2271 veteribus
828 2221 995 2285 editionibus,
1015 2221 1172 2271 norom-4
1189 2222 1248 2271 Tam
1275 2237 1330 2271 oon·

226 2286 316 2335 montio
331 2286 444 2333 coemtio
456 2285 569 2333 Brotier.
602 2284 633 2332 ln
652 2286 785 2334 veteribus
802 2285 972 2348 editionibus,
988 2287 1054 2345 cnm
1070 2286 1093 2334 ri
1108 2300 1220 2335 monotes
1235 2292 1329 2335 meet:

227 2351 339 2400 bonum
349 2348 535 2407 miemsomcm
545 2354 596 2396 tom
606 2350 733 2397 mnemia
744 2349 857 2397 omicitt'oe
867 2352 965 2399 loturos.
990 2350 1105 2399 Faernus
1116 2349 1202 2398 omitti
1214 2349 1330 2413 volebat,

227 2414 448 2465 ommatium.-
462 2412 582 2462 Moretns
593 2418 621 2462 et
632 2412 766 2463 Acidaliae
795 2429 823 2462 ro
834 2419 884 2462 tum
895 2413 1068 2466 emendabant
1078 2418 1136 2476 tom,
1146 2419 1176 2462 ut
1185 2427 1275 2462 seusus
1285 2414 1329 2474 sit,

225 2481 293 2540 cujus
301 2480 323 2526 si
331 2493 443 2526 memores
450 2482 535 2541 emeat,
544 2477 656 2526 bonorum
666 2479 755 2526 mom
764 2429 867 2540 ddmom,
882 2483 932 2527 tum
948 2479 1077 2528 econtratio
1093 2477 1205 2527 amictioe
1220 2479 1330 2537 interm

226 2542 295 2606 quod
306 2542 406 2604 Ryclrio
417 2543 513 2602 placet.
822 2555 824 2561 ·

259 2611 273 2654 l
291 2606 335 2654 Im
344 2606 396 2654 Mo.
409 2606 474 2667 Reg.
501 2604 618 2654 inlibris
630 2605 717 2668 editis,
728 2605 789 2654 tolia
799 2607 861 2654 velot
873 2607 899 2654 to
909 2619 1036 2656 emmone.
1067 2605 1136 2656 Velut
1147 2604 1245 2668 frigere
1254 2613 1328 2654 recte

225 2667 346 2718 observat
356 2669 489 2717 Ernestm.
506 2669 571 2717 Mes.
582 2667 656 2720 Harl.
667 2669 755 2719 Gnelf.
769 2673 831 2718 ultro
843 2672 868 2718 in
879 2685 1005 2720 cmnmnoe.
1032 2671 1083 2720 Mn.
1094 2669 1149 2720 Jes.
1160 2671 1236 2720 oltra.
1262 2671 1327 2720 Bro-

720 2798 833 2852 NOTAE

223 2906 752 2971 evulgaretur,velsolohonoreetreve·
794 2925 850 2960 cem
876 2909 1021 2960 Florentini
1042 2909 1140 2960 codicis
1168 2911 1327 2963 auctoritate

221 2984 307 3036 rectia
315 2985 431 3036 Senecae.
793 2997 954 3048 reponerem.

252 3063 394 3124 Dmogonte
403 3061 557 3125 Centuriam]
565 3061 643 3113 Forte
652 3076 702 3111 noo
713 3063 752 3111 in·
827 3061 895 3110 Nam
918 3063 1031 3124 vulgata,
1055 3063 1166 3128 odonam
1185 3067 1327 3124 proeeentem

216 3137 293 3200 jussu
309 3139 421 3188 Neronis
438 3145 483 3188 ant
498 3138 627 3202 Tigellini,
643 3139 687 3204 qui
707 3140 751 3188 Se·
788 3136 950 3201 formidinem,
968 3138 1031 3187 mibi
1054 3153 1070 3186 a
1087 3137 1171 3187 Taciti
1189 3146 1277 3188 mente
1297 3145 1326 3188 et

220 3227 294 3262 nocer
306 3229 369 3277 opes
382 3214 551 3276 amplissimas
567 3214 691 3263 invadere
708 3229 752 3264 cu·
794 3212 827 3263 ab
846 3215 954 3264 historia
971 3216 1029 3278 ipso
1046 3215 1130 3264 oliena
1142 3215 1255 3278 videtur,
1266 3231 1325 3266 cnm

220 3287 321 3351 piebat,
340 3295 464 3354 tanquam
482 3289 530 3352 rei,
549 3296 671 3354 tanquam
683 3291 753 3340 dnm-
792 3290 863 3338 nulla
882 3291 922 3338 bic
945 3296 1070 3354 appareat
1087 3289 1212 3351 formido,
1239 3305 1325 3356 neque

219 3361 284 3412 nati.
349 3393 353 3403 ι
793 3363 975 3414 antecedentia
987 3373 1030 3414 ant
1041 3365 1227 3429 subsequentia
1245 3368 1326 3418 verbo

252 3437 310 3488 Nec
327 3437 373 3487 abo
389 3453 418 3488 re
434 3440 554 3491 exitiales
569 3441 632 3493 istas
647 3457 709 3506 opes
725 3445 752 3494 in
792 3429 871 3488 ullam
882 3440 908 3488 in
918 3441 1017 3489 Seneca
1026 3439 1189 3490 formidinem
1202 3451 1325 3504 arguunt.

214 3513 340 3575 fotum
350 3517 472 3582 principie
490 3517 583 3569 referri
602 3523 751 3584 postulabat
824 3517 918 3564 Sensus
940 3522 995 3563 est:
1023 3515 1159 3579 Senecam,
1173 3515 1235 3565 dum
1255 3531 1324 3566 com·

219 3605 299 3654 supra
309 3591 416 3643 Seneca.
444 3595 524 3645 Forte
534 3596 634 3645 saevitia
644 3599 751 3662 propria
790 3593 913 3656 plectitur
930 3609 1047 3656 uxorem,
1064 3593 1252 3658 aliquantulum
1263 3609 1326 3644 con·

218 3668 376 3720 centurionis
391 3669 418 3718 id
430 3669 537 3722 factum.
563 3673 640 3724 -Nam
655 3682 683 3724 et
700 3681 751 3724 tes·
790 3676 831 3716 tra
851 3669 991 3734 ingenitam
1012 3676 1222 3734 praesentemque
1244 3669 1323 3719 antini

219 3748 335 3799 tamenta
347 3746 494 3806 condebant
507 3747 555 3810 rel,
565 3764 673 3812 quorum
685 3765 749 3800 non.
789 3741 968 3794 fortitudinem
983 3745 1120 3807 mollitum,
1130 3745 1204 3808 quasi
1215 3759 1286 3794 mors
1298 3745 1323 3796 ai
1339 3768 1342 3774 ·

217 3816 279 3868 dum
300 3826 406 3882 peracta
425 3828 496 3872 esset
515 3824 656 3887 accusatio,
668 3825 751 3875 etiam
788 3826 897 3874 molesta
907 3831 986 3888 esset,
996 3839 1082 3874 amore
1093 3825 1192 3873 uxoris.

215 3893 243 3943 io
253 3895 392 3957 procinctu
401 3895 490 3946 mortis
500 3904 660 3960 spontaneae.
699 3900 702 3905 ’
821 3899 951 3950 Firmatnr
961 3901 1001 3950 bic
1013 3911 1100 3949 sensns
1112 3914 1144 3948 ex
1153 3899 1209 3963 ipso
1221 3901 1323 3950 Seneca
1338 3907 1344 3916 “

248 3968 442 4036 temptantur
454 3988 560 4036 uxnrm,
576 3980 601 4023 et
612 3977 767 4054 poettnlnm]x
788 3976 871 4041 Epist.
893 3991 936 4026 cv.
959 3977 985 4025 in
1005 3976 1149 4040 principio:
1175 3977 1257 4038 ‘llle,
1277 3977 1322 4042 qni

217 4045 252 4096 rt
260 4049 381 4108 pontoium
396 4050 506 4098 odom
515 4057 661 4119 'mesenum
671 4052 747 4112 forti·
788 4047 839 4100 non
849 4066 964 4114 uxorem,
974 4066 1024 4100 nou
1037 4052 1147 4100 amicum
1159 4051 1226 4099 tanti
1237 4057 1322 4114 putat,

216 4123 321 4174 tuanen
328 4125 491 4183 moltitm3ne
502 4125 632 4175 minimum
642 4129 746 4190 quidem
787 4134 816 4178 nt
840 4126 937 4178 diutius
957 4127 983 4175 in
1004 4127 1059 4176 vite
1077 4133 1262 4190 commoretur,
1276 4127 1321 4192 qni
1376 4132 1384 4154 ⁸

216 4193 343 4263 dubitari,
362 4201 424 4275 qnin
439 4200 507 4254 'banc
524 4201 681 4260 fortitudinia
702 4196 747 4254 vol
786 4202 935 4266 perureret
946 4203 1021 4268 mori,
1032 4201 1162 4252 delicatas
1175 4211 1226 4254 eet.
1250 4203 1322 4256 'Hoc
