2984 4850
201 375 291 443 lm
559 391 592 440 o.
614 364 797 437 cocuntur
821 385 949 434 nsotrr
1142 389 1304 456 [numa.

201 534 289 602 unde
309 530 468 617 peteret'i'
497 530 652 614 rogitus.
701 528 808 594 ‘Jam
832 527 878 592 ds
902 525 1062 597 Armenia
1087 547 1314 598 concessurus:

201 637 358 720 proxima
384 634 494 711 trabi,⁷
506 630 517 680 t
544 634 609 697 uisi
636 630 815 696 defendant
840 630 980 696 Parthi:
1002 631 1113 696 levius
1137 635 1315 699 servitium·

202 737 291 820 apud
305 735 477 800 Romanos
491 733 624 810 deditis,
639 752 741 815 quarn
757 732 881 818 captiS,
907 731 1002 798 esse!
1043 732 1212 802 Tiridates
1225 755 1308 818 qun-

203 858 269 924 que
285 837 395 919 Regni
409 837 585 920 profugus,
611 856 671 919 per
683 835 854 900 silentium
874 834 944 902 ιιιιῑ8
965 834 1098 900 modies
1118 835 1317 920 qrrarondnb

203 1018 267 1068 lium
277 1018 332 1079 sibi,
344 1024 390 1068 ant
401 1019 473 1070 undo
489 1019 611 1082 rogaret?
644 1019 704 1071 Jatn
722 1019 873 1070 Armeniam
886 1018 1013 1080 relictam,
1033 1019 1206 1070 conterminus
1218 1026 1311 1084 gentos

203 1082 306 1146 raptari,
320 1099 349 1132 sc
358 1084 384 1132 t'st
396 1085 458 1132 idem
470 1085 537 1132 trnlti
547 1099 555 1144 ;
565 1090 593 1132 et
604 1084 652 1132 nisi
664 1089 831 1148 propuguent
843 1085 942 1146 Partiri,
953 1084 1080 1132 mitiorem
1083 1083 1139 1142 fore
1151 1086 1312 1146 servitutem,

203 1149 226 1195 st
236 1161 265 1196 se
276 1147 398 1198 Romanis
409 1148 546 1208 dederent,
555 1163 633 1213 quarn
643 1149 665 1197 si
678 1149 747 1198 bello
757 1151 933 1200 vincerentur.
966 1148 1051 1200 Etiam
1064 1147 1186 1200 'liuidum
1194 1148 1321 1202 lmese:

200 1213 292 1276 pulsus,
317 1213 381 1266 licet
397 1213 579 1276 petulentiam
596 1228 643 1262 soa
661 1213 744 1262 leuiter
762 1228 860 1276 caerem
880 1213 1037 1264 uehementius
1057 1213 1171 1263 instabat.
1206 1213 1315 1278 Quippe

204 1421 329 1484 gentiunt.
346 1420 503 1472 Brolier.—l
522 1423 557 1470 Et
574 1424 689 1486 proximu
703 1424 779 1486 tratri,
799 1425 847 1474 nisi
859 1423 996 1484 defenduut.
1031 1421 1086 1488 (Sic
1106 1422 1243 1472 Brotlerus
1255 1437 1320 1476 cunt.

205 1485 337 1535 Homero:
355 1494 382 1536 et
393 1485 442 1549 sic)
453 1486 519 1534 bene
531 1487 664 1536 Acidalius
675 1495 703 1536 et
715 1490 852 1538 Ernestus.
886 1489 1016 1552 Corrupte
1027 1486 1054 1536 in
1065 1487 1128 1536 Mss.
1141 1493 1169 1536 et
1181 1488 1322 1536 veteribus

205 1549 371 1611 editionibus,
381 1551 434 1611 jam
445 1554 475 1600 ds
484 1552 600 1608 duneald
610 1567 751 1612 messura,
768 1555 876 1614 proximo
887 1553 967 1602 trull:
984 1559 1007 1602 et
1016 1553 1064 1601 uisi
1074 1550 1201 1611 defendant
1216 1552 1317 1612 Pauus,

205 1613 279 1662 leuius
288 1614 472 1676 κώνωψ.
489 1616 604 1665 Brotier.
636 1617 680 1666 Sic
695 1625 782 1666 tamen
791 1619 856 1678 legit
867 1617 1013 1667 Gronovius
1031 1624 1059 1666 ct
1072 1617 1196 1679 llyclrius.
1231 1616 1316 1666 Ober-

204 1678 271 1727 linus
279 1679 400 1741 copulam
411 1680 484 1742 quasi
495 1678 650 1743 superfluant
661 1681 746 1728 delet:
766 1688 793 1730 ct
803 1683 839 1730 sic
849 1683 1008 1744 Bipout.—-8
1019 1681 1060 1732 ste
1070 1681 1168 1742 optime
1178 1681 1323 1741 Muretus,

202 1742 310 1806 jamque
322 1743 360 1792 sic
371 1742 454 1792 edidit
470 1743 623 1793 Beroaldus.
657 1745 690 1793 ln
709 1746 774 1794 Mas.
794 1747 925 1795 veteribus
941 1760 973 1795 ac
989 1745 1179 1794 recentioribus
1197 1744 1319 1795 editioni-

207 1809 264 1868 bus,
276 1821 320 1869 per
329 1808 452 1856 silentiam
462 1809 527 1856 lond
536 1809 626 1858 uredine
637 1813 770 1871 querendo:
786 1809 853 1872 quod
869 1809 967 1859 frustra
982 1817 1089 1859 tuentur
1100 1809 1248 1860 Gronovius
1261 1809 1318 1857 alii-

205 1885 256 1932 quc
271 1882 330 1919 eum
341 1872 436 1933 secuti,
455 1872 593 1936 multiplici
603 1873 749 1922 eruditione
766 1875 907 1936 probantes
919 1873 1050 1922 silentium
1061 1873 1129 1922 omni
1146 1887 1210 1922 voce
1227 1872 1318 1936 loqua-

205 1933 261 1982 cius
273 1949 339 1984 esse.
372 1937 445 1984 Bene
459 1936 574 1998 quidem.
606 1936 800 1998 stutendum,
817 1939 858 1988 vel
871 1939 1119 2004 eloquentissimum,
1137 1937 1164 1988 iu
1177 1951 1256 1987 voces
1265 1952 1320 1986 uon

206 2000 330 2063 erumpit.
371 1999 454 2062 Atqui
473 2001 515 2050 bio
534 2000 613 2050 rerba
628 2007 697 2058 sunt,
714 2016 763 2050 nec
781 2017 874 2065 pauca,
893 2002 1025 2052 'tiridatis
1049 2002 1157 2052 Brotier.
1199 2001 1319 2064 Ryckius

206 2062 278 2128 iuss,
294 2062 339 2112 sed
356 2063 382 2111 in
398 2064 516 2128 margine
526 2069 576 2116 nst.
608 2066 678 2114 Vere
693 2065 733 2115 cl.
745 2065 863 2135 Gordon,
881 2066 945 2117 licet
956 2068 1035 2131 paulo
1046 2067 1156 2131 longior,
1167 2065 1321 2116 ‘Tiridates

710 2213 818 2265 noun
855 2181 862 2194 ¹

208 2332 265 2376 tnnt
274 2325 352 2376 bellis
361 2326 542 2378 attinerentur.
814 2328 913 2378 Seneca
923 2326 957 2378 ad
968 2326 1089 2380 Helviam
1102 2330 1142 2378 to.
1157 2327 1164 2356 ‘
1177 2326 1321 2390 Nunquam
1337 2343 1340 2348 ¹

236 2403 470 2467 inanimum]
496 2403 649 2469 Accipiunt,
668 2403 745 2474 quasi¹
782 2411 811 2456 te
827 2403 1005 2455 foeouuditatlr
1018 2403 1323 2469 tnae,qnasiexprobrs‹

207 2479 699 2542 Armeniaconcedenteadllornanos,
714 2481 755 2529 in'
784 2488 826 2532 ret
848 2488 965 2543 aetatem,
993 2478 1135 2547 penituit!
1180 2480 1336 2542 Expressit·

208 2557 312 2606 easdem
324 2557 400 2605 simul
420 2564 510 2619 partes
529 2546 742 2605 dominatibnem·
784 2559 837 2607 talc
856 2557 919 2622 quid
938 2557 1070 2607 Martialis
1090 2555 1164 2621 Epig.
1183 2568 1202 2607 1.
1214 2559 1256 2605 69.
1273 2555 1324 2607 ‘si

208 2647 258 2696 que
270 2633 436 2683 traherentur
451 2632 592 2698 Adiabeni,
610 2638 639 2683 ut
649 2631 742 2683 Arme·
784 2640 866 2697 tacet,
874 2634 939 2687 banc
949 2632 1084 2697 loquitnrt'

209 2710 260 2756 niae
274 2708 360 2757 vicini.
816 2711 888 2758 Male
899 2708 943 2758 nlii
962 2709 989 2758 in
1008 2708 1102 2758 Tacito
1123 2708 1323 2760 rescribendum

240 2783 293 2832 Sed
311 2782 396 2846 potius
416 2784 524 2846 respicit
542 2784 648 2833 Tacitus
658 2784 746 2833 incur«
785 2792 923 2849 putarunt3
939 2790 981 2835 sal
1000 2787 1090 2834 nudior
1110 2787 1242 2848 querendo:
1260 2786 1323 2835 sub-

209 2861 294 2911 riones
314 2861 547 2925 populationesque
564 2862 683 2925 Tigranis
704 2876 744 2911 re·
780 2862 874 2926 jicitur
895 2862 963 2911 enim
986 2861 1104 2925 quercla,
1123 2860 1200 2925 haud,
1218 2860 1325 2911 modica

209 2937 262 2998 gis:
287 2936 401 2998 prosim
420 2936 497 3001 irati,
515 2937 542 2987 id
564 2947 615 3002 est,
641 2938 746 3002 vastari,
786 2944 883 2987 tamen
900 2936 1048 2989 Fanum.

208 3012 318 3076 raptori.
817 3012 927 3061 Silentia
943 3025 996 3062 non
1012 3010 1097 3061 nt'tuor
1111 3011 1150 3061 vis
1168 3012 1237 3063 inest
1256 3012 1326 3063 iodi-

245 3088 330 3153 Μ]
346 3088 461 3150 Vatari,
473 3095 521 3141 snt
530 3088 597 3140 trabi
608 3089 644 3139 ad
653 3087 746 3139 Arme·
785 3087 863 3137 candi
873 3088 1011 3137 interiores
1023 3087 1102 3137 animi
1111 3094 1196 3143 motus
1206 3102 1239 3139 sc
1250 3089 1325 3153 cogi·

209 3166 276 3227 aios,
288 3167 486 3229 relntrnrnqna.
785 3164 907 3227 tationes,
917 3178 994 3227 quam
1004 3164 1125 3213 sermoni.

243 3241 360 3291 renim
376 3240 459 3302 trabi}
472 3241 549 3290 idem
564 3240 746 3304 est,qnoddi·
817 3239 911 3304 Itaque
931 3238 1002 3289 band
1022 3238 1079 3289 sina
1097 3238 1209 3302 ratione,
1236 3254 1271 3289 ex
1290 3254 1326 3291 es

211 3318 354 3380 citsnpra:
370 3316 585 3381 ‘Diutinsquam
602 3331 651 3380 per
668 3319 746 3367 latro·
786 3315 930 3367 orationem
956 3314 1091 3378 colligunt,
1118 3322 1146 3365 et
1173 3321 1327 3379 proponunt

210 3391 455 3443 ciniarastavcrat!
555 3436 560 3447 ‚
787 3392 936 3455 scriptores.
970 3391 1046 3445 Csutl
1059 3390 1325 3455 inprimisetcallidi,

244 3468 323 3517 *Per
343 3467 465 3517 mum
484 3466 548 3517 Μ
577 3468 666 3518 utsdlcs
691 3482 747 3531 qas-
788 3468 869 3532 qualis
882 3466 997 3517 Tacitus.
1014 3467 1176 3519 Bastarna.

213 3544 298 3607 rento]
340 3544 477 3596 Interdum
512 3544 580 3594 enirn
614 3551 643 3595 ct
670 3544 749 3595 silen·
821 3544 900 3593 Forte
912 3544 961 3605 leg.
978 3543 1162 3607 munatius,
1180 3548 1223 3593 stri
1234 3544 1326 3595 atsdicc

212 3623 277 3680 tinrn
299 3621 368 3671 omni
389 3635 454 3670 voce
470 3620 601 3685 loquacius
620 3628 670 3671 est.
702 3620 746 3670 Sic
786 3619 1018 3682 mandaturque
1041 3618 1110 3671 enim
1129 3618 1246 3683 argutias
1264 3634 1328 3685 per·

212 3706 241 3754 ct
264 3698 307 3748 lric
328 3696 471 3759 iiridates,
497 3712 644 3761 quanquam
671 3698 746 3763 queri
786 3695 1029 3760 sequitur'racitus.

211 3775 303 3836 nullst,
321 3780 408 3822 tauron
426 3772 483 3836 ipso
501 3773 615 3836 silentio,
632 3781 662 3824 et
676 3774 748 3839 qnod
819 3770 921 3821 Silentii
934 3771 1083 3835 pervicaces
1094 3771 1325 3829 tnatnrsPartbi.

212 3853 275 3901 exul
293 3851 481 3901 obversaretur
501 3851 571 3915 regis
591 3852 683 3913 oculis,
701 3866 747 3901 ex·
787 3846 905 3899 Validior
916 3852 1002 3897 tamen
1015 3848 1219 3907 sensus'vldetttr
1228 3848 1328 3911 priscas.

213 3927 352 3990 probrabat
362 3926 423 3988 ipsi,
437 3924 507 3988 qnod
526 3926 748 3988 periclitantibus
788 3923 917 3987 lectionis,
936 3924 1037 3988 etquis
1055 3930 1141 3989 ratur,
1157 3923 1327 3988 praeferende

214 4004 387 4063 substitisset,
407 4008 451 4051 ant
471 4001 586 4067 ejectum
605 4017 659 4052 non
674 4003 750 4051 rasti-
789 4006 839 4050 ast.

213 4085 312 4142 tncret,
320 4075 539 4143 quomodofes'a,‘
549 4079 673 4130 malorum
684 4077 748 4129 faci·
824 4077 873 4125 Per
878 4077 1010 4143 silentiam]
1026 4079 1105 4129 Forte
1115 4078 1153 4128 sic
1161 4079 1215 4141 lsg.
1231 4092 1277 4141 ptr
1290 4077 1330 4127 si·

212 4168 303 4204 norum
324 4153 446 4216 ministri,
462 4152 537 4218 qnasi
555 4153 746 4218 exprobrantes
790 4152 960 4213 tertiumsi
975 4154 1066 4209 nodus
1084 4156 1208 4218 wado,
1225 4156 1326 4217 gracias·

210 4228 392 4295 upniuunrss
405 4230 471 4294 Sup.
481 4242 542 4283 xrs.
551 4233 595 4282 ot.
790 4233 842 4279 ‹rst
848 4244 859 4303 2·
873 4242 967 4298 nempe
977 4244 1057 4296 quarn
1064 4231 1203 4297 missores,
1211 4238 1258 4281 aut
1267 4230 1325 4297 ipra

884 4322 890 4347 l
