2984 4850
1266 294 1278 319 0

137 352 279 419 acm]
487 347 695 406 auunnruu
719 348 804 399 nra:
819 349 902 399 xrs.
1043 364 1047 372 ·
1163 336 1258 421 idda,

645 558 752 643 NO'I'AE

137 706 197 769 tias,
207 721 255 756 scu
261 706 381 770 judices3
399 708 428 757 dc
437 705 629 769 soliajnds’clbas,
637 707 676 757 ia·
708 708 854 772 pontifices
863 715 893 759 et
902 722 1020 773 augures.
1052 708 1070 760 J
1073 724 1101 759 us
1111 709 1251 761 humanum

139 784 199 849 quit
211 784 368 857 Gronovius,
383 784 533 833 bicexcasot
549 786 606 834 Tac.
622 785 677 848 qnia
717 784 852 835 discebant
866 786 980 849 judices,
1000 801 1044 835 seu
1056 786 1169 836 decuriae
1182 786 1253 852 squi-

139 857 170 909 ἀὲ
180 862 237 909 solis
243 860 366 920 judicibus
374 865 438 909 moto
448 867 500 909 erat
511 862 611 911 invidio.
717 869 782 912 tum.
815 863 874 912 Nisi
894 863 962 921 forte
981 864 1122 927 scripserat
1136 865 1254 929 Tacitus,

172 936 303 999 Supponit
326 936 362 984 ibi
379 936 524 1000 interpres,
542 938 610 1001 quod
629 936 676 989 fal·
715 939 757 989 Aa
772 939 863 1000 iustius
884 942 956 988 etium
977 955 1079 1001 augures
1100 934 1121 988 el
1144 942 1252 990 decumas

139 1026 196 1063 eum
206 1020 258 1073 cst,
270 1018 358 1062 motum
368 1028 417 1063 esse
436 1014 550 1063 insidiam
563 1017 622 1063 ‘solis
634 1016 676 1076 ja·
716 1018 829 1079 equilum,
840 1020 880 1080 bc.
901 1016 1030 1081 Quicquid
1049 1017 1082 1067 sit
1102 1018 1136 1066 de
1157 1018 1252 1081 verbis,

139 1089 231 1137 ditibus
237 1104 248 1147 ;
271 1104 329 1137 nam
340 1089 437 1138 insidia
449 1091 491 1139 illa
502 1090 573 1140 cadit
585 1092 611 1139 iu
623 1106 676 1141 ons·
715 1092 839 1143 babemus
850 1094 917 1142 hunc
928 1106 1031 1141 sensum
1043 1109 1049 1141 ι

138 1180 185 1214 nes
205 1168 310 1216 omnino
327 1183 458 1230 proceres,
474 1168 500 1215 in
510 1169 587 1217 'viros
606 1167 676 1233 ipsos
749 1167 791 1216 An
806 1168 902 1233 justius
918 1169 995 1237 etiam
1010 1168 1158 1233 pontifices,
1169 1176 1196 1219 et
1208 1184 1254 1219 au·

139 1242 283 1303 militares;
308 1259 415 1306 proceres
427 1245 495 1295 Rosa
510 1245 595 1309 inquit
604 1247 677 1295 Taci·
716 1260 802 1308 gorea,
826 1252 854 1294 et
876 1245 995 1294 decurias
1023 1247 1148 1311 equitnm,
1175 1262 1250 1297 suum

139 1324 676 1387 chumntmnumetmrmusumstceno
717 1338 843 1387 quemque
878 1321 991 1372 officium
1025 1324 1195 1389 exerciturus,
1222 1331 1251 1375 et

135 1398 281 1461 polluantur,
298 1403 340 1462 isc.
385 1401 470 1449 Etiam
490 1402 517 1448 iu
537 1402 675 1465 pontifices
715 1400 839 1461 egregium
849 1400 975 1459 judicandi
984 1414 1066 1449 munus
1075 1400 1252 1462 expleturos,ti

138 1482 166 1523 ct
176 1489 299 1538 augures.
315 1476 491 1539 assecutam,
502 1478 596 1537 seujus
603 1480 675 1529 etiam
709 1468 803 1534 fructos
810 1481 878 1525 sosoi
888 1482 912 1525 et
923 1476 1067 1525 dulcedinem
1077 1491 1158 1525 uocum
1167 1478 1252 1541 perite

135 1552 246 1613 ugerii,
262 1555 304 1615 ἅμ’.
340 1554 375 1601 Et
390 1553 416 1600 in
435 1554 506 1616 ipsos
520 1555 634 1618 judices,
650 1561 675 1605 et
714 1550 855 1603 audissent?

137 1630 359 1691 decurinsequituna
367 1630 674 1696 egregiamjadicondi,85c.
745 1630 778 1676 'rb
789 1629 869 1691 etiam,
881 1629 943 1677 satis
959 1628 1093 1692 congruit:
1118 1643 1176 1677 nam
1188 1632 1250 1691 post

137 1706 172 1753 Et
189 1704 269 1766 infra,
284 1720 342 1754 cum
360 1707 457 1769 repetit
473 1708 591 1770 Tacitus,
607 1711 673 1759 ‘nec
714 1704 781 1753 viros
799 1706 919 1753 militares
938 1704 1068 1754 incusatos
1086 1704 1123 1753 bis
1142 1704 1250 1765 verbis;

137 1781 260 1845 cuiquam
275 1782 360 1845 judici
380 1798 469 1845 grave,
485 1799 561 1833 aures
581 1786 674 1835 studiis
714 1798 796 1845 eosque
809 1798 902 1847 pugnus
917 1798 961 1845 pro
977 1784 1067 1831 suilitio
1078 1788 1100 1831 et
1112 1783 1185 1831 numia
1197 1796 1250 1845 rue·

135 1858 259 1922 honestis,
269 1862 320 1908 dcc.
339 1860 490 1923 impartire,’
506 1863 675 1926 carops-eheu.
714 1857 850 1907 ditentur?
875 1858 961 1920 arguit
977 1859 1055 1907 etiam
1070 1858 1251 1920 judicesutri-

138 1933 176 1982 dit
189 1927 366 1999 quoscumque
374 1935 488 1999 judices,
498 1937 569 2000 ipsos
580 1952 674 2000 nempe
715 1948 795 1998 usque
811 1934 1029 1997 jurisconsultos.
1065 1935 1167 1998 Nempe
1186 1947 1251 2000 pon·
1321 1951 1324 1955 ·

136 2011 285 2076 pontifices,
300 2028 421 2077 augures,
433 2029 464 2064 ac
481 2015 627 2063 sacerdotes
633 2014 674 2077 ju-
714 2007 798 2059 tilices
809 2026 839 2061 ac
851 2010 967 2059 decurias
978 2011 1102 2073 equitum.

136 2090 172 2137 ris
184 2089 268 2139 diuini
280 2090 388 2153 peritos,
400 2098 428 2140 et
439 2091 517 2139 etiam
527 2092 590 2140 aiios
600 2106 674 2155 quos·
748 2088 824 2137 Quod
836 2088 905 2137 clare
916 2094 989 2150 patet
1001 2102 1034 2137 ex
1045 2088 1093 2150 his,
1106 2102 1163 2153 quaa
1174 2088 1249 2139 addit

136 2182 249 2232 cumque
257 2168 674 2235 judicesmmanijurissciemes
713 2160 798 2212 infra:
826 2164 897 2212 ‘nec'
917 2164 1035 2227 cuiquam
1055 2164 1140 2227 judici
1160 2180 1250 2229 grave,

135 2251 352 2309 cqerccntasque.
713 2254 788 2291 aures
799 2241 891 2289 studiis
911 2240 1023 2289 honestis
1035 2247 1062 2289 et
1072 2241 1249 2305 voluptatibus

168 2320 194 2367 N
197 2336 228 2369 ec
240 2322 362 2385 estquod
374 2322 400 2370 in
418 2322 502 2372 verbis
513 2322 570 2373 istis
584 2322 673 2373 Taciti
714 2320 844 2368 concessis
856 2317 1007 2381 impartire!

138 2396 200 2460 quid
213 2396 262 2446 tibi
274 2397 427 2461 displiceat:
452 2399 540 2460 Anius
550 2400 621 2449 uiam
632 2414 674 2449 aa·
747 2396 805 2446 Nec
824 2395 931 2458 cuiquam
947 2394 1034 2457 jaim,
1053 2395 1126 2458 quasi
1138 2394 1250 2458 diceret,
1301 2391 1304 2396 ’

135 2473 205 2534 gorii
224 2477 248 2521 et
265 2473 381 2537 coccam,
399 2477 440 2537 dfe.
463 2477 612 2538 expleturum
638 2478 675 2526 sic
713 2473 802 2525 Judex
822 2473 975 2536 quicumque
993 2473 1036 2534 sit,
1054 2473 1107 2520 sive
1124 2472 1192 2535 juris
1213 2474 1250 2522 di-

135 2547 594 2614 disparatequaedamnominarefert
603 2567 674 2616 saepe
714 2549 770 2597 vini
788 2548 842 2597 sive
848 2548 915 2610 juris
929 2547 1032 2596 humani
1044 2547 1149 2610 vindex,
1162 2551 1251 2611 potest

136 2625 252 2684 Tacitus,
262 2625 296 2673 ad
307 2627 377 2675 idem
393 2627 517 2689 verbum
542 2635 572 2677 ut
587 2629 628 2678 hic
641 2629 674 2678 ad
714 2626 773 2674 illos
782 2639 856 2674 sonos
868 2631 895 2672 et
907 2629 1047 2673 concentus
1056 2638 1147 2672 vocum
1161 2625 1250 2674 audire

137 2704 282 2765 expleturos.
715 2694 868 2751 innocenter
879 2707 907 2749 et
919 2700 1058 2763 impollutis
1070 2700 1185 2759 nuribus,
1196 2716 1250 2749 mo·-

170 2779 252 2828 Certe
263 2793 314 2828 non
328 2779 428 2829 diceret
438 2781 542 2830 Tacitus
557 2781 674 2844 seorsim,
714 2778 854 2842 sibosque:
879 2778 976 2826 lonasto
995 2778 1091 2840 quippe
1102 2778 1160 2827 haec
1170 2777 1251 2826 studio

131 2854 174 2914 jas
185 2857 283 2917 augurii
297 2857 438 2919 expleturos,
457 2858 505 2906 aed
523 2873 582 2906 cnm
602 2858 673 2906 aliud
714 2862 784 2917 aunt,
797 2861 824 2904 et
835 2869 947 2904 concesaoe
960 2856 1098 2918 uoluptates.

136 2931 259 2992 addatur,
269 2945 364 2994 nempe
376 2933 503 2990 judicandi
519 2947 611 2995 muana,
626 2948 673 2996 pro
746 2933 874 3001 Justilt'nm
891 2931 1000 2994 augurii]
1033 2929 1113 2980 Forte
1126 2929 1251 2990 justiliam

136 3021 183 3056 sno
196 3007 272 3069 genio
289 3007 372 3056 refert
388 3008 494 3057 verbum
514 3009 587 3072 illud,
597 3011 675 3072 esple-
713 3010 807 3070 oagers',
818 3021 902 3071 neque
914 3014 987 3071 puto,
1002 3007 1037 3055 ibi
1050 3007 1137 3069 agitur
1148 3007 1180 3056 de
1194 3008 1251 3068 jure

136 3087 213 3144 turos,
225 3082 258 3130 sd
278 3088 427 3146 utrumque,
444 3098 539 3146 nempe
549 3090 576 3132 et
587 3084 620 3133 ad
632 3086 675 3145 jas
714 3084 820 3145 mtguris'.
854 3084 956 3145 Neque,
967 3082 1104 3143 Augustani
1115 3081 1204 3144 equites
1215 3083 1251 3132 in·

137 3161 235 3220 sagarii
254 3165 282 3207 et
304 3160 336 3207 ad
352 3159 479 3218 judicandi
500 3175 600 3209 munus:
624 3175 673 3210 nec
715 3159 803 3208 stituti
816 3157 848 3206 ed
863 3157 1042 3220 judicandum,
1054 3157 1099 3206 sed
1112 3165 1139 3205 ut
1152 3158 1207 3207 dies
1220 3173 1250 3208 ac

138 3235 234 3296 absara,
245 3241 276 3284 nt
290 3237 329 3284 sic
340 3242 432 3298 parcat
448 3236 535 3284 serbis
546 3243 574 3286 et
585 3239 674 3296 σεμνῶς
712 3241 806 3284 noctes
832 3234 962 3298 plausibus
988 3241 1160 3297 personarent
1181 3235 1250 3298 apud

137 3312 252 3362 scribat:
281 3327 359 3375 quam
385 3311 537 3362 facultatem
565 3313 674 3362 usitatur
716 3311 855 3371 theatrum,
874 3309 1034 3374 forruamque
1057 3311 1192 3374 principis,
1211 3321 1251 3359 bo·

137 3389 279 3452 laudetque
291 3389 319 3436 in
329 3387 424 3436 'l'acito
435 3387 535 3436 Plinius
545 3402 657 3458 nepos„
714 3403 810 3450 eamque
829 3389 907 3436 Deum
933 3387 1049 3436 vocabulis
1072 3388 1250 3450 appellarent5

169 3464 339 3524 Any’asts‘tiom
348 3463 456 3526 augurii]
482 3463 537 3525 Alii
547 3464 623 3513 aliter
634 3477 674 3512 re·
714 3465 747 3513 ad
759 3464 871 3514 ludicras
883 3470 950 3512 artes
963 3463 1017 3527 epti
1030 3465 1077 3526 illi,
1095 3475 1145 3511 non
1160 3463 1191 3511 ad
1207 3463 1251 3526 ju·

137 3541 382 3602 ponuntlrocloco;
408 3546 523 3588 attamen
534 3546 609 3587 vetus
621 3541 673 3588 lec·
715 3538 819 3588 dicandi
838 3552 947 3598 surinus,
972 3544 999 3586 ct
1012 3537 1036 3586 id
1049 3537 1124 3586 nimis
1135 3537 1251 3587 distata

139 3616 177 3682 tio
188 3613 259 3664 forte
279 3616 371 3664 melior
391 3622 419 3664 et
439 3615 547 3675 certior,
555 3629 631 3678 quem
646 3615 675 3663 id
713 3616 791 3664 litera
799 3615 882 3664 Taciti
894 3631 899 3662 ι
913 3619 940 3662 at
948 3627 1006 3662 cum
1019 3612 1251 3676 legiturjustuum

137 3694 207 3756 qnod
223 3693 343 3742 divinant
353 3699 399 3742 aut
409 3700 538 3756 reponunt
548 3692 675 3741 hariolau·
713 3693 807 3754 augeri,
817 3691 915 3740 eaedem
925 3690 1005 3739 ferme
1018 3700 1077 3740 snm
1086 3691 1180 3752 litere,
1189 3706 1250 3740 eurr·

140 3771 188 3818 do:
205 3770 299 3834 siquid
312 3769 675 3832 mutandum,rcpono,oajus
716 3768 827 3831 demque
847 3781 948 3815 scissum
968 3765 1041 3828 facit,
1060 3767 1102 3815 cui
1121 3766 1165 3814 uui
1182 3764 1251 3816 infra

139 3847 326 3908 mmuugurii.
714 3843 854 3905 respondet
876 3844 1001 3892 Tacitus:
1029 3845 1107 3892 ‘Nec
1130 3845 1250 3906 cuiquam

171 3926 248 3976 Certe
261 3922 338 3990 apud
346 3924 534 3974 Romanoslnit
547 3924 591 3987 jns
610 3922 674 3971 divis
710 3920 797 3982 judici
818 3933 905 3983 grave,
919 3933 994 3968 aures
1015 3919 1106 3978 studiis
1123 3915 1252 3976 honestis,

139 4017 207 4065 unm,
228 4010 257 4052 et
276 4004 321 4065 jus
341 4003 489 4052 humanum.
529 4002 673 4064 Utriusque
713 4001 742 4044 et
754 3995 931 4058 voluptatibus
952 3996 1079 4044 concessis
1098 3989 1250 4055 impartire?

141 4079 297 4129 mentionem
318 4077 384 4126 fecit
412 4077 462 4126 hoc
484 4079 541 4126 loco
563 4076 672 4125 Tacitus
714 4071 792 4120 Unde
811 4071 905 4132 colligo
924 4085 1001 4118 unam
1021 4068 1089 4118 forte
1109 4069 1175 4114 lianc
1194 4079 1250 4115 rem

143 4152 255 4204 breviter
266 4160 297 4203 ut
309 4154 393 4202 solet:
413 4154 457 4215 jus
469 4152 584 4202 divinum
595 4162 623 4200 et
630 4152 674 4214 jus
714 4145 970 4208 attigisse,justitiom
982 4142 1250 4206 nortmannicarum·

140 4232 240 4295 augurii
252 4229 391 4280 idemest:
416 4229 466 4280 hoc
481 4229 526 4294 jus
543 4228 675 4278 callebant
713 4223 740 4272 u·
759 4237 860 4280 musaei
885 4221 953 4287 qnod
972 4221 1016 4269 iric
1036 4231 1115 4270 unum
1130 4223 1163 4267 at
1179 4216 1251 4270 idem
