2984 4850
147 363 310 430 ι.ιι..ιι.]·
508 357 716 408 suusnrnu
744 359 819 409 nur.
842 359 931 410 xro.
1044 335 1049 345 ’
1169 347 1257 416 1715

650 569 758 620 Nom

179 699 286 763 eune]
305 699 377 750 -Irlin
389 712 455 750 xrrr.
465 703 508 750 ts.
722 713 782 750 mes
792 700 820 749 in
830 699 870 750 lrls
880 698 989 750 salebris
998 698 1173 750 loretueris.

131 775 134 782 ⁴
158 775 284 837 ,Puteoli‚
300 775 474 838 JusGotoaioe]
507 774 681 841 Potentem,
756 776 847 826 Placet
863 775 1037 826 eruditissimo
1054 783 1143 826 nostro
1161 776 1255 842 Pighio

145 853 328 916 adipiscuntur
335 854 381 917 jus
394 853 520 904 coloniae?
553 853 610 916 Ego
621 867 681 902 vero
721 857 842 902 uuncnm
852 853 937 901 locum
947 866 1014 914 esse,
1029 851 1063 901 ob
1083 867 1172 903 causas
1190 866 1255 918 quas

147 927 344 978 sdroeationem
371 935 443 993 peto,
470 935 501 978 ut
526 927 681 978 deliberem.
720 928 749 976 in
771 927 959 978 commentario
979 927 1042 976 dixl.
1079 927 1174 992 Itaque
1195 944 1255 992 sup·

146 1005 240 1054 Nonne
253 1005 324 1053 enim
332 1005 388 1068 jam
400 1005 501 1068 pridem
518 1004 545 1053 id
556 1004 679 1068 oppidum
720 1004 787 1068 plet,
804 1019 869 1054 voce
888 1003 993 1054 eddita:
1010 1005 1106 1053 Puteoli
1116 1020 1200 1054 eom
1211 1006 1255 1066 jus

146 1081 262 1144 ‚eojnrei
281 1079 680 1146 Liquetex,Livio,Velleioque,
721 1080 877 1146 oolouiae,(in
900 1080 983 1132 Herc.
1005 1079 1132 1146 Prodic.).
1165 1081 1257 1148 Ipsum

146 1156 331 1222 qniooloniem
350 1158 469 1208 Puteolis
486 1156 681 1206 deductsmvo·
721 1155 792 1205 vide.
852 1195 856 1202 .

144 1233 200 1282 lunt
227 1247 297 1282 anno
313 1233 471 1284 Urbisoetl.
504 1233 537 1281 P.
560 1231 680 1294 Scipione
756 1231 825 1280 Nam
840 1245 888 1280 noa
907 1231 1039 1282 sententie
1048 1236 1200 1282 nostreuon
1210 1233 1256 1282 de·

145 1305 271 1356 Africano
282 1321 315 1358 ιι.
324 1309 364 1357 Τί.
374 1307 525 1370 Sempronio
536 1307 610 1356 Coss.
721 1321 862 1370 meremur,
872 1323 950 1372 quem
965 1308 994 1356 iu
1005 1315 1123 1358 extrem
1132 1315 1194 1358 uota
1210 1323 1258 1374 po·

177 1381 228 1432 Sed
240 1389 270 1432 et
279 1382 380 1446 lapides
392 1388 522 1432 testantur
531 1381 681 1432 hodierna.
722 1383 828 1445 suimus,
849 1397 953 1447 nempe,
973 1385 1007 1433 de
1027 1390 1087 1434 toto
1106 1386 1206 1448 oppido
1226 1387 1255 1436 iu

144 1469 275 1512 sororem.
295 1471 433 1514 nuuvcrs.
453 1470 540 1509 anuo.
568 1469 623 1520 xe,
643 1464 680 1519 et,
722 1459 879 1524 colonisejus
891 1473 958 1509 nuuc
969 1462 1105 1510 translato.
1121 1459 1188 1524 la'po.

143 1545 252 1584 norun.
275 1547 375 1584 conon.
398 1545 633 1584 rvrnonsuoavn.
652 1538 680 1583 et
752 1535 903 1598 Puteoij
913 1535 1027 1598 Coloaa'ae]
1060 1537 1091 1584 ln
1102 1535 1255 1599 fragmentis

143 1622 237 1660 ennio.
250 1624 386 1660 cononum
399 1623 637 1661 evrsonsnonvrr.
719 1609 784 1660 iulii
799 1609 916 1659 Frontini
934 1610 1094 1673 ltalegitnr:
1121 1611 1256 1676 ‘Puteoli,

175 1687 218 1736 An
235 1687 334 1736 colonis
353 1701 494 1753 eorumque
513 1689 627 1750 posteris
643 1686 679 1734 iu-
720 1685 823 1733 eolonia
847 1683 976 1748 Augusta.
1021 1685 1156 1750 Angustus
1181 1687 1255 1736 Nero

143 1762 308 1822 temortuis,
328 1763 430 1812 colonia
451 1775 508 1811 esse
530 1761 629 1812 desiit?
646 1776 680 1810 au
721 1759 846 1822 deduaiq'
866 1764 915 1809 dre.
949 1763 1155 1826 cognomentum
1173 1763 1255 1827 igitur

140 1844 266 1900 tempore
277 1836 416 1900 interjecto
428 1836 532 1886 transiit
549 1837 583 1886 ud
599 1835 681 1886 muni·
721 1837 847 1900 Augustas
866 1845 1007 1902 occeperat
1025 1840 1196 1890 Puteolorum
1212 1855 1255 1891 co·

142 1913 228 1977 cipale
235 1913 299 1976 jus?
331 1913 463 1963 Ciceronis
474 1919 547 1962 certe
559 1927 614 1962 osvo
625 1927 681 1962 mu·
719 1912 799 1973 lonis,
810 1927 828 1962 a
839 1913 953 1962 Nerone.
969 1913 1089 1964 Alcietus.

142 1989 270 2052 nicipium
286 1987 346 2047 fnit,
358 2001 410 2038 non
427 1989 538 2050 colonis,
550 1988 680 2039 Oratione
753 1986 843 2036 Primo
853 1985 1255 2052 nicufntnumcaismeind·

143 2079 192 2128 pro
213 2065 308 2114 Murco
328 2063 428 2114 Coelio:
443 2064 531 2114 ‘Nam
550 2063 619 2128 quod
638 2068 681 2113 est
720 2061 831 2112 Puteoli:
858 2069 990 2126 postremo
1012 2079 1029 2114 e
1047 2065 1154 2115 Nerone
1174 2066 1255 2130 impe-

143 2141 279 2205 objectum
293 2139 475 2204 municipibus,
488 2138 681 2190 adolescentem
721 2139 801 2188 travit
815 2138 861 2201 jus
880 2146 908 2189 et
924 2147 1124 2204 cognomentum
1134 2142 1255 2194 colonie.

142 2230 196 2266 nou
213 2229 273 2266 esse
291 2213 431 2278 probatum
450 2213 619 2276 soia„nernini
635 2228 682 2262 un-
721 2213 802 2266 Alind
819 2225 860 2266 est
879 2222 978 2280 autem,
996 2217 1080 2268 ludere
1090 2219 1135 2280 J'ss
1149 2220 1254 2284 mnam,

142 2305 220 2356 quam
241 2291 367 2354 presenti
395 2291 535 2340 Puteolani
558 2289 682 2354 majorem
721 2291 982 2344 aliudesseeoiouium.

141 2369 272 2417 honorem
283 2365 450 2428 lrabuerunt,'
461 2368 511 2416 &e
753 2368 834 2418 Vicus
851 2367 919 2417 enim
935 2369 1145 2420 Patarieeusium
1156 2386 1172 2420 a
1182 2373 1257 2428 Divo¹

175 2444 304 2501 Concutit
315 2458 357 2491 me
368 2449 456 2492 temen
467 2442 563 2499 iterum
579 2440 682 2491 Fronti·
720 2441 817 2492 Severo
829 2444 874 2508 jus
884 2444 991 2493 colonie
1007 2446 1166 2508 impetravit,
1181 2446 1256 2511 (aue-

143 2534 192 2569 nus
215 2520 244 2569 in
266 2519 393 2583 Cetalogo
415 2518 581 2579 coloniarum,
605 2517 680 2580 cnjus
721 2523 764 2569 tor
782 2517 936 2583 Ulpianum)
952 2519 1001 2569 lroc
1019 2526 1071 2583 est,
1088 2526 1119 2571 nt
1137 2519 1255 2575 immuni.

142 2596 227 2647 rerba
243 2611 259 2645 e
274 2596 464 2659 manuscripto:
482 2594 613 2657 {Puteolq
638 2608 680 2643 ec·
721 2599 802 2643 tatem
814 2594 925 2645 liaberet
936 2596 1055 2660 coloniae,
1075 2597 1157 2657 etiem,
1170 2598 1256 2649 milite

142 2672 215 2723 lonis
230 2672 361 2737 Augusta.
401 2671 535 2735 Augustus
555 2671 678 2721 deduxit:
720 2670 844 2719 colouove
855 2685 907 2721 nou
917 2671 1041 2723 deducto.

142 2762 176 2797 ex
198 2764 253 2798 nno
274 2748 360 2798 latere
381 2749 432 2798 iter
451 2750 548 2811 populo
569 2748 681 2797 debetur
753 2746 804 2795 Sed
825 2748 940 2801 colonias
961 2764 1007 2799 eas
1026 2749 1254 2815 cognominabant,

142 2824 208 2887 ped.
230 2839 294 2874 xxx.
327 2824 399 2889 Ager
422 2824 478 2888 ejus
499 2825 525 2872 in
543 2822 681 2888 jugeribus
720 2822 1256 2891 qnaededncebantnr:illisqneinterdum

142 2901 289 2961 veteranis,
300 2906 328 2949 et
344 2901 466 2949 Tribunis
479 2900 629 2964 legionariis
641 2906 682 2949 est
721 2899 964 2961 concedebatur,ut
976 2902 1045 2965 juris
1057 2902 1147 2961 Italici
1158 2909 1256 2965 esseut,

143 2975 311 3039 assignatus.'
343 2976 451 3027 Colonia
466 2990 528 3039 ergo
541 2975 623 3025 adlrno
642 2988 681 3023 re·
720 2974 850 3026 murnum
862 2977 975 3045 minime,

143 3052 216 3101 eeuti
228 3067 296 3101 aevo.
754 3052 873 3106 Puteolis
883 3065 945 3113 ergo
959 3051 1034 3101 dedit
1052 3053 1138 3114 Nero,
1145 3058 1176 3103 ut
1186 3052 1255 3108 colo

175 3128 293 3178 Recreat
313 3126 429 3191 Agellius
446 3142 504 3178 ιιι.
523 3132 564 3178 13.
581 3129 625 3193 qni
641 3143 682 3178 os·
720 3140 766 3176 ma
775 3126 1090 3189 cognominaretur,onlla
1101 3127 1256 3179 deductione

143 3202 233 3254 tendit
235 3219 325 3267 ,saepe
342 3205 495 3253 commutari
513 3206 595 3254 solere
611 3205 682 3254 colo
722 3199 803 3261 fecta,
811 3202 1256 3269 etimmunitatomjusquelsaberet

143 3278 202 3329 nias
224 3278 253 3327 iu
271 3280 421 3341 municipis,
438 3286 465 3328 et
485 3286 587 3328 contre
622 3278 681 3328 Nisi
722 3278 839 3327 colouiae.

143 3360 235 3405 tumen
246 3354 362 3407 Cornelii
375 3355 460 3403 verbis
471 3370 503 3404 ca
514 3355 562 3417 vis,
579 3362 607 3403 ut
618 3356 682 3403 velit
754 3353 862 3410 Quod
842 3368 865 3403 ss
874 3354 1114 3417 cognomentumud
1123 3355 1256 3405 Neronem

144 3431 294 3481 uuiversum
311 3431 435 3493 oppidum
446 3431 602 3494 incolasque,
612 3430 681 3495 (phr-
722 3428 832 3491 referas,
844 3431 951 3479 Neronia
961 3431 1052 3480 colonio
1063 3430 1135 3479 dicte
1152 3429 1257 3493 loiseel,

144 3521 187 3557 ros
199 3512 287 3556 autem
299 3506 416 3569 inquilini
428 3507 484 3569 ejus
494 3506 554 3566 loci,
565 3507 598 3557 ob
612 3521 681 3555 com·
722 3505 938 3570 quemadmodum
957 3514 1016 3569 post
1033 3506 1190 3569 incendium,
1204 3507 1269 3566 lio,

144 3582 245 3633 mercia
267 3588 296 3631 et
316 3580 411 3645 mere)
432 3580 540 3644 'preter
564 3596 609 3631 eos
637 3582 682 3645 qui
722 3596 789 3631 marn
805 3595 956 3644 nuncupare
973 3581 1092 3631 decrevit
1113 3581 1257 3645 Neropolim,

145 3658 281 3707 restabunt
292 3673 325 3707 ex
336 3658 433 3707 colonis
444 3658 602 3721 Angustaeis,
614 3659 682 3709 eolo·
722 3664 751 3707 et
762 3656 879 3721 Aprssem
889 3670 1002 3708 mensem
1015 3658 1158 3719 Neroniam,
1167 3663 1257 3707 aneto·

145 3735 205 3795 nico
213 3735 275 3798 jure
288 3733 406 3783 donatos.
722 3732 794 3781 ribus
814 3732 935 3781 Cornelio
956 3739 984 3781 et
1004 3733 1168 3794 Tranquillo:
1196 3747 1256 3787 oum

177 3812 214 3860 Et
225 3825 289 3859 sane
298 3809 395 3872 duplex
404 3810 453 3859 hoe
462 3824 541 3873 genus
551 3810 683 3859 hominurn
722 3815 812 3861 tamen
831 3808 964 3857 Nomium
980 3816 1179 3870 cognomentum
1198 3808 1256 3872 ejus

146 3887 173 3937 in
186 3887 295 3936 coloniis
305 3884 394 3947 fuisse,
405 3900 420 3935 e
432 3888 558 3935 Cicerone
576 3886 682 3949 clerum,
723 3885 814 3949 oppidi
826 3890 949 3949 nusquam
960 3886 1070 3948 legatur.

148 3978 197 4026 pro
218 3963 309 4023 Sylla:
328 3962 370 4016 nbi
390 3962 498 4019 dissidia.¹
514 3962 593 4017 etiem
615 3962 683 4010 inter
757 3959 831 4009 ldern
851 3974 928 4021 supra
947 3959 980 4007 de
1000 3960 1129 4019 Londiuo,
1146 3962 1256 4020 ‘eogno-

147 4038 334 4103 Pompeianos‚
344 4036 375 4101 (ii
386 4050 460 4089 erant
476 4038 546 4091 cives
560 4034 684 4108 veteres,)
724 4042 813 4085 mento
831 4035 934 4100 quidem
952 4035 1060 4084 colonie
1070 4047 1121 4081 non
1132 4030 1233 4095 insigne
1240 4031 1257 4081 ι’

148 4113 305 4177 colonosque
335 4119 464 4165 recenset.
508 4113 592 4165 Quem
617 4110 684 4160 vide.
722 4111 773 4170 hoc
784 4117 834 4174 est,
843 4119 872 4159 nt
883 4110 985 4161 colonia
993 4110 1134 4159 diceretur.

149 4188 384 4249 Alterumlrorum
395 4188 450 4251 liiii.
463 4188 509 4255 sit,
526 4194 555 4242 tn
573 4186 685 4245 viderur
755 4188 892 4242 Praeterea
900 4187 971 4253 spnd
989 4186 1062 4263 lrnue
1077 4199 1130 4236 non
1146 4148 1258 4253 legimur
