2984 4850
184 350 321 420 ausa]
531 347 737 401 suasurus
761 321 835 399 urs.
855 352 934 402 xvr.
1198 331 1290 407 2088

186 514 273 579 quas
300 496 469 578 inspectas
496 492 589 557 Nero
618 493 721 559 ‘terri
744 496 788 559 ad
816 496 910 559 eum'
931 497 1043 581 Jussit,
1067 496 1188 580 opibus
1213 499 1287 583 eJ'us

185 596 330 663 inhians.
369 593 418 661 At
440 593 554 673 Mella,
570 614 646 678 quae
669 603 740 661 tum
761 599 989 681 promtissima
1001 599 1116 662 mortis
1130 599 1215 675 via,¹¹
1228 618 1289 663 ex·

185 696 288 762 solvit
301 702 436 761 venasz'
449 697 602 779 scriptisl
615 695 792 774 codicillis,
807 699 927 781 quibus
937 697 1094 780 grandem
1108 699 1289 782 pecuniam

185 798 221 863 in
244 797 456 879 Tigellinum,
471 817 693 881 generumque
708 799 791 884 ejus,
816 798 1055 864 Cossutianum
1078 798 1287 883 Capitonem

185 900 357 980 erogabat,
385 918 450 982 qno
473 904 582 963 cetera
606 905 786 964 manerent.
829 898 1202 980 Additur5'eodicillis,
1216 906 1289 965 tan-

183 1008 300 1083 qnam¹
313 999 354 1061 de
367 999 541 1081 iniquitate
555 1000 648 1063 exitii
673 1018 824 1082 querens,
839 1001 888 1063 ita
903 998 1111 1084 scripsisses
1132 1004 1143 1035 ‘
1159 1022 1197 1065 se
1211 1001 1287 1084 qui-

162 1142 164 1145 -
185 1100 260 1163 dem
275 1100 359 1163 mori
374 1100 474 1163 nullis
489 1100 648 1185 supplicii
664 1100 794 1178 causis3
811 1098 946 1163 Rullum
957 1106 1083 1165 antem⁷
1097 1100 1287 1185 Crispinum

185 1208 219 1267 ct
230 1200 386 1265 Anicium
399 1202 562 1266 Cerialem
576 1203 647 1267 vita
660 1200 737 1278 frui,
752 1200 901 1264 infensos
914 1202 1064 1288 Principi
1074 1202 1093 1267 ε’
1108 1224 1183 1287 quae
1198 1224 1288 1269 com·
1341 1212 1347 1219 ‘

184 1304 301 1387 posita
320 1304 554 1384 credebantur3
577 1303 619 1366 de
639 1301 808 1387 Crispino,
823 1304 903 1385 quia
921 1304 1109 1369 interfectus
1130 1312 1227 1383 erat,y
1243 1305 1287 1369 de

183 1484 316 1544 speetassd
329 1498 387 1533 eum
399 1484 494 1534 deterri
505 1488 617 1550 pracepit
634 1486 789 1550 Nero,opass
799 1486 864 1534 illias
873 1486 977 1547 capim.
1011 1483 1060 1532 Sed
1076 1484 1160 1544 Mella,
1171 1499 1224 1546 qua
1234 1488 1287 1533 lass

183 1547 305 1595 celerrima
316 1550 347 1595 ad
358 1553 502 1597 martenseia
517 1560 584 1611 erut,
595 1552 712 1613 abrumpit
733 1564 820 1599 uass:
836 1549 943 1597 amans
955 1548 1079 1606 codicillis,
1089 1548 1170 1610 qrss'du
1188 1561 1289 1607 magnas

184 1624 238 1671 spes
254 1612 400 1672 largiebatur
413 1614 539 1675 Tigellino,
554 1620 578 1663 et
587 1629 673 1675 gesac
688 1616 738 1674 ejas
756 1614 896 1662 Cossutiano
914 1613 1033 1674 Capitoni,
1045 1616 1072 1657 at
1090 1611 1181 1672 reliqna
1197 1611 1286 1659 litteris

184 1688 328 1727 munisse.
360 1676 481 1735 Adjicitur
503 1679 599 1737 totalis,
610 1679 677 1740 qnasi
692 1681 722 1727 ds
738 1678 828 1737 isp'ssta
846 1690 901 1724 acce
921 1686 1018 1738 quarem
1037 1674 1073 1722 sia
1089 1677 1222 1723 sessim
1231 1689 1241 1730 ,·
1257 1686 1287 1722 se

184 1737 291 1849 quidem
312 1740 409 1801 perire,
428 1742 506 1789 nullis
525 1742 598 1791 exitii
619 1742 720 1800 casrsis;
738 1747 853 1789 attamen
869 1740 957 1787 vivere
976 1736 1072 1787 Rufum
1090 1739 1248 1800 Crispinum,
1259 1744 1288 1787 ct

211 1800 305 1851 niciam
323 1803 463 1867 Cerialem,
480 1806 535 1857 ticet
555 1805 672 1855 inimicos
693 1806 804 1855 Caesari..
836 1805 895 1859 Qsoe
910 1806 1026 1851 Memno
1046 1804 1076 1851 de
1097 1802 1208 1868 Crispino
1218 1806 1291 1866 pais·

642 1938 822 1960 amnuens*

184 2016 1288 2147 attestatis{sititis}'slestillasset-'talete

185 2146 217 2195 ln
231 2148 295 2197 Mss.
305 2148 380 2197 Harl.
391 2149 468 2197 Bodl.
477 2150 533 2199 ies.
546 2148 634 2198 Guelf.
646 2156 673 2198 et
685 2149 852 2207 Puteolanus,
863 2146 991 2209 scripsisse,
1013 2145 1103 2193 Altera
1113 2158 1191 2193 manu
1199 2146 1226 2193 in
1236 2147 1287 2195 Me.

185 2210 261 2259 Harl.
272 2213 447 2275 emendatum,
455 2214 594 2275 scripsisset.
627 2213 774 2261 Gronovius
785 2208 1157 2271 malleaqaemsemmtpsne.
1191 2208 1288 2260 Grute-

186 2288 240 2335 rus,
252 2277 319 2325 addit
328 2277 606 2339 caecatissimus
617 2277 746 2339 iniquitate
756 2275 826 2324 exitii
835 2288 975 2336 quaesiisse
989 2274 1090 2337 quidm,
1096 2275 1138 2333 pe.
1158 2273 1209 2321 Me.
1221 2274 1287 2335 Agr.

184 2337 263 2387 habet
285 2355 397 2403 quoque,
415 2342 482 2388 addit
500 2342 671 2390 codicillis-l
690 2340 754 2389 Fide
769 2339 874 2387 Ernesti
887 2336 1154 2387 Flanaticum:
1169 2336 1287 2402 Ryckins

186 2410 276 2466 negat,
289 2404 403 2470 dicitque
412 2405 450 2455 ibi
459 2419 513 2454 esse
522 2410 616 2464 satem
633 2404 702 2469 quod
715 2411 742 2454 et
754 2403 862 2468 recepit.

670 2549 782 2600 NOTAE

186 2666 358 2731 triLucsnus,
375 2677 403 2719 et
419 2671 601 2734 conjurationis
610 2671 718 2721 consilia
759 2664 806 2719 iub
817 2668 978 2732 Vespasiano
994 2668 1124 2729 militavit,
1135 2666 1218 2717 affinis
1229 2667 1288 2718 Fls·

186 2757 246 2792 cum
259 2743 304 2791 illo
316 2745 450 2794 sociasset.
572 2779 575 2784 -
757 2747 898 2794 viscosum.

219 2825 230 2849 ¹¹
248 2819 309 2872 Quae
324 2824 374 2867 tam
391 2820 551 2882 promtissima
568 2822 652 2870 mortis
666 2821 718 2886 eia]
788 2827 805 2853 '
820 2819 938 2883 Asana]
947 2819 979 2868 Id
990 2825 1040 2882 est,
1048 2819 1187 2883 Spargitur
1198 2820 1224 2868 in
1231 2821 1288 2869 vnl-

183 2890 235 2941 Vel
252 2894 289 2941 sic
308 2892 367 2955 fuit,
385 2897 426 2944 vel
443 2897 480 2944 sic
501 2895 668 2958 credebatur,
687 2904 717 2946 ut
757 2912 822 2960 gas:
839 2897 866 2945 id
878 2897 905 2944 in
916 2897 1043 2945 codicillis
1054 2896 1203 2958 ascripsisse
1220 2897 1288 2946 Mel·

183 2982 256 3016 more
276 2975 304 3016 et
323 2969 428 3032 ingenio
446 2971 529 3019 alieno
563 2986 608 3020 seu
628 2973 716 3036 palato
757 2975 818 3023 lam.
851 2973 893 3020 Sic
908 2971 1006 3034 populo
1016 2970 1184 3030 illudebatur,
1193 2985 1288 3034 nempe

183 3042 301 3105 vivimus,
314 3044 352 3094 its
367 3052 395 3094 et
412 3047 565 3110 quandoque
583 3049 716 3096 morimur.
756 3055 787 3098 nt
807 3047 941 3108 Crispinus
959 3045 1021 3108 jure
1043 3060 1126 3094 caesus
1144 3045 1287 3110 rideretur,

185 3118 228 3169 Sic
246 3134 376 3170 carcerem
397 3131 424 3170 et
446 3123 567 3186 laqueum
589 3124 717 3188 citabant,
757 3129 783 3173 et
793 3123 920 3172 Cerialem
928 3122 1066 3170 occidendi
1078 3128 1234 3185 praetextum
1243 3125 1288 3172 tra·

185 3195 222 3244 sic
233 3201 390 3245 testamenta
398 3198 658 3261 rrrauebant,pretiom
667 3197 717 3247 fes·
755 3199 858 3248 bereut.
886 3199 1000 3261 Addam,
1022 3198 1049 3248 id
1071 3205 1122 3260 est,
1143 3199 1232 3248 dicitas
1242 3199 1289 3249 eti·

185 3270 295 3322 tinardi.
755 3289 802 3336 aas,
819 3281 942 3339 tauquam
964 3288 1075 3338 quereus
1098 3274 1137 3323 ita
1163 3274 1289 3325 codicillis

217 3346 260 3395 Sic
272 3353 298 3396 et
308 3348 435 3408 exterriti,
453 3349 526 3412 quasi
543 3350 715 3401 innocentiam
757 3350 914 3413 scripsisset,
924 3365 949 3398 se
959 3351 1052 3413 quaeris
1068 3353 1198 3414 moridie.

186 3423 298 3486 principi
317 3425 456 3485 donabant,
470 3433 516 3476 ant
532 3427 629 3476 donare
645 3429 716 3476 side·
787 3425 839 3474 Vel
851 3425 974 3474 addidere
991 3426 1017 3474 id
1035 3422 1168 3487 samae,vel
1181 3425 1288 3476 codicil-

137 3547 141 3554 .
186 3501 287 3551 bantur.
319 3503 370 3552 Sed
392 3501 497 3555 frustra.
531 3506 626 3570 Neque
646 3507 715 3554 enirn
756 3504 786 3552 lis
805 3503 878 3565 ipsis,
897 3501 1014 3564 magistri
1038 3501 1227 3565 dominationis,
1244 3503 1288 3552 vel

186 3578 320 3628 diulatere
331 3581 415 3629 scelus
426 3587 521 3642 potest.
756 3585 829 3629 certe
851 3578 966 3627 additam
984 3577 1013 3626 id
1031 3577 1132 3627 finxere
1153 3586 1180 3628 et
1200 3579 1289 3642 vulga-

218 3661 229 3686 *
250 3655 336 3718 Venas]
368 3655 462 3705 Statim
488 3657 600 3707 exsolvit
627 3671 715 3721 venas,
756 3651 1283 3718 rere,obrationesquesaffert'lacitas.'

185 3732 334 3796 priusquam
351 3732 525 3797 damnaretur,
534 3740 564 3784 ut
576 3740 716 3785 testamen·
787 3737 801 3764 ¹
815 3729 947 3794 Tasqsasst]
963 3723 1013 3778 V'el
1024 3730 1050 3778 id
1059 3731 1092 3780 de
1101 3728 1173 3780 facto
1182 3728 1288 3780 additur

186 3816 242 3858 tum
263 3814 348 3858 ratum
367 3818 446 3873 esset,
471 3811 591 3875 bonaque
612 3811 715 3860 familiae
757 3805 894 3868 codicillis,
915 3806 960 3854 vel
986 3805 1213 3868 interpretatione,
1246 3803 1287 3851 vel

186 3899 240 3932 sues
252 3891 426 3946 conservaret,
436 3886 535 3936 tributa
546 3895 621 3949 parte
632 3889 716 3938 vultu·
756 3884 863 3932 fictione
882 3899 953 3933 mera
963 3900 970 3933 ε
990 3883 1077 3947 'iufra
1087 3885 1096 3910 ⁴
1107 3899 1165 3952 quie
1182 3896 1286 3953 sompn-

185 3959 256 4008 ribus
266 3959 431 4008 Neronianis.
465 3962 529 4024 Spes
545 3963 715 4030 conservandi
755 3960 805 4008 sita
816 3958 1006 4015 credebantur?

184 4033 261 4092 bons,
269 4035 714 4101 pretismfestisasdioccupandique
786 4049 798 4084 t
810 4041 954 4102 rarescens
964 4043 1028 4106 esst]
1044 4044 1125 4092 Forte
1137 4043 1287 4108 prinsquam

185 4117 304 4180 mortun,
315 4111 375 4160 dum
391 4113 564 4174 liceretne
578 4112 714 4176 judicium.
755 4119 926 4181 deterrentur,
942 4127 988 4169 ant
1003 4123 1153 4184 legerentur
1172 4121 1287 4170 codicilli

186 4185 249 4236 Fuit
269 4185 336 4242 alter
354 4187 462 4248 Censlis
482 4188 510 4241 in
529 4185 651 4253 oseae,
669 4189 716 4258 qni
754 4195 1214 4262 Mallafidcompositumsefictnm,
1225 4198 1297 4266 quis¹
