2984 4850
219 379 306 451 1852
576 391 609 444 cr
633 389 818 443 cocuntur
843 387 973 442 ructui
1153 353 1322 462 luttere.

153 607 159 616 ,
218 561 271 608 nae
285 541 432 618 ditionis,
448 544 506 604 aut
518 539 679 624 subjectis
695 537 794 622 Regi,
810 557 908 621 quem
923 537 1123 620 Imperator·
1136 535 1321 620 delegisset,

218 642 352 707 hostilia
362 643 508 706 feceret:
532 660 650 724 pacem
665 662 708 706 ex
728 638 838 723 aeqno²
859 639 998 704 utilem.⁷
1043 637 1130 701 Ncc⁸
1145 641 1324 720 praesentie

218 749 347 808 tanturm
377 748 560 827 spectarctt
595 745 708 827 ipsum
737 741 898 806 adversus
927 728 1012 804 dues
1039 741 1200 820 legionesu
1247 741 1324 805 totis

220 835 328 926 Regni
343 847 469 909 viribus
483 844 679 908 advenisset
706 847 740 908 at
763 842 927 907 Romanis
940 842 1053 906 orbem
1068 849 1228 904 terrarum
1251 841 1325 904 reli-

219 963 333 1026 quum,
345 947 416 1029 'quo
430 947 553 1009 bellum
571 942 762 1028 juvarent'9
1131 949 1257 1034 osmi(

263 1047 317 1110 14.
340 1047 394 1112 Ad
409 1067 451 1112 ee
466 1045 662 1129 Vologeses,
676 1045 757 1108 nihil
774 1055 835 1128 pro
849 1049 981 1122 cause,v
995 1043 1055 1107 scd
1081 1048 1092 1076 ‘
1107 1043 1325 1127 opperiendos

220 1147 285 1212 sibi
313 1148 440 1227 fratres,
468 1148 636 1214 Pacorum
664 1168 705 1213 ec
733 1136 927 1223 'Tiridatem'
958 1146 1151 1228 rescripsit:
1190 1146 1326 1208 ‘locum

219 1249 288 1313 illis
313 1255 531 1333 tempusque*
563 1250 703 1313 consilio
734 1250 945 1324 destinatum,
982 1254 1060 1329 quo¹
1094 1247 1135 1309 de
1166 1244 1326 1309 Armenia

220 1414 279 1471 que
290 1420 392 1470 semper
402 1403 509 1455 Rotnani
520 1404 631 1468 imperii,
644 1405 685 1453 vel
696 1403 818 1468 subjecte
832 1401 986 1466 regiseernt,
998 1416 1075 1466 quem
1091 1401 1179 1450 cesar
1191 1400 1324 1464 imposuis-

220 1476 278 1521 tet:
296 1471 379 1520 fredus
397 1471 526 1533 utrimque
538 1468 645 1532 perinde
654 1469 717 1518 utile
727 1482 784 1516 esse.
816 1468 875 1517 Nec
892 1465 1200 1529 praesentiesolummodo
1211 1467 1324 1514 intuere·

218 1543 278 1584 tun:
296 1535 381 1597 ipsum
399 1542 456 1583 tote
477 1533 538 1582 belli
559 1541 637 1596 etque
650 1533 752 1596 imperii
761 1532 828 1581 mole
839 1531 866 1579 in
878 1531 942 1579 dures
952 1533 1068 1593 legiones
1080 1530 1221 1591 irrupisse;
1234 1536 1262 1578 et
1274 1531 1326 1579 Ro·

219 1597 301 1647 menis
309 1612 425 1660 euperem
435 1597 582 1646 universum
593 1596 691 1657 orbem,
701 1611 751 1660 quo
759 1596 906 1659 periclitanti
917 1595 1047 1643 exercitui
1058 1599 1250 1642 succurrerent.

252 1663 330 1710 Adeo
350 1662 472 1722 Vologeses
482 1661 543 1709 sitii
559 1663 589 1709 de
600 1661 657 1708 bello
666 1665 708 1708 rut
717 1660 966 1724 praetermitteret
980 1658 1157 1720 expectandos
1169 1657 1218 1706 sibi
1226 1654 1324 1706 fratres

217 1723 348 1776 Pacorum
359 1733 386 1775 et
395 1725 540 1775 Tiridatem
550 1740 557 1785 ;
567 1725 640 1774 illurn
649 1727 742 1786 locum,
749 1731 903 1788 tempusque
914 1724 1023 1772 consilio
1032 1722 1213 1784 constitutum,
1223 1736 1268 1784 quo
1276 1729 1327 1774 ete·

685 1831 863 1862 &henoticon

219 1917 268 1976 ——i
285 1913 400 1976 Budeus.
409 1919 473 1975 nte.
506 1923 583 1975 Unde
594 1919 676 1973 Rhen.
688 1923 809 1986 placebat
815 1938 874 1986 poce
883 1939 915 1973 ee
924 1937 990 1987 nque
998 1922 1112 1971 utili-8
1127 1911 1243 1972 liuderus.
1253 1937 1327 1971 ru.-

220 1987 237 2038 t
253 1989 367 2051 Aruleno,
380 2005 424 2052 qrso
435 1991 518 2038 bellum
530 1989 680 2037 temnerent.
700 1987 825 2050 Ryc'lrins.

254 2059 267 2101 1
286 2054 349 2102 Mes.
361 2053 434 2102 Heri.
444 2053 522 2102 Bodl.
533 2054 598 2115 Reg.
608 2051 672 2116 Agr.
685 2062 712 2100 et
724 2051 805 2100 editio
816 2051 949 2114 princeps,
958 2052 1028 2114 quod.
1061 2049 1128 2098 lise.
1139 2049 1194 2100 Jes.
1206 2048 1286 2098 corb.
1299 2053 1326 2097 et

220 2115 390 2177 Puteolanus,
409 2117 474 2178 qnid,
496 2123 524 2165 et
542 2116 580 2165 sic
596 2116 754 2165 Gronoviust
784 2116 816 2164 ln
838 2116 889 2166 Me.
907 2113 997 2164 Gnelt'.
1007 2113 1056 2178 qni.
1091 2112 1322 2162 Ursinnseveteri

334 2289 337 2294 .
717 2245 825 2298 NOTAE

221 2339 322 2406 antiqui
336 2358 343 2403 ;
355 2341 399 2406 qni
409 2342 430 2393 si
442 2342 569 2406 virerent,
590 2332 631 2392 rei
649 2347 754 2406 sperne·
793 2345 882 2406 lectio,
896 2345 964 2394 ilium
982 2345 1058 2394 hmo
1073 2347 1227 2407 ternpuspee:
1244 2345 1271 2390 et
1285 2355 1327 2391 cu·

221 2426 323 2478 rentur,
342 2421 394 2482 vel,
405 2428 436 2471 ut
446 2436 502 2483 noe,
513 2421 568 2471 acri
579 2419 660 2470 livore
671 2420 753 2471 inces-
789 2421 834 2485 jus
860 2436 950 2470 sensns
971 2419 1055 2470 facilis
1075 2427 1124 2470 est.
1151 2420 1224 2469 illest
1244 2419 1328 2480 locun,

220 2503 347 2545 serentur.
385 2522 389 2531 ·
793 2510 896 2559 nempe,
913 2502 1000 2545 cestra
1020 2496 1163 2559 Vologesi;
1185 2501 1328 2559 tempusque,

253 2570 422 2635 'Impemtor]
441 2574 524 2633 Nero,
538 2572 696 2622 senCresnr.
713 2573 753 2621 Eo
793 2586 894 2635 nempe,
918 2573 1006 2620 stetim
1028 2579 1109 2635 etque
1127 2571 1154 2619 in
1176 2578 1264 2620 castre
1287 2585 1328 2619 ve·

115 2662 119 2667 ·
220 2659 297 2694 sensu
307 2648 413 2695 Tacitus
426 2648 521 2709 passim
532 2653 650 2709 usurpet.
796 2648 896 2697 nissent
917 2646 1022 2710 iratres,
1047 2648 1162 2696 Pecorns
1187 2652 1216 2695 et
1231 2646 1330 2695 'litide-

253 2722 261 2753 ¹
276 2722 403 2772 Pacemeae
413 2721 491 2785 oeqno]
512 2723 563 2771 Vel
571 2722 670 2785 perinde
679 2722 756 2770 utris·
796 2729 844 2773 tes.

221 2797 375 2861 quentilem,
389 2812 455 2858 esse,
477 2798 517 2845 rel
532 2810 624 2859 pacem
636 2812 670 2845 ex
681 2812 756 2860 aeqno
828 2800 924 2865 Igitur,
937 2800 1005 2849 illust
1016 2800 1091 2849 ment
1100 2804 1235 2863 tempusque
1244 2794 1329 2847 consi-

220 2870 326 2932 t'ectnm,
349 2874 453 2937 utrique
475 2872 548 2935 genti
570 2873 659 2945 utilem
679 2887 753 2921 esse:
795 2877 830 2925 iio
851 2875 963 2925 fratrum
989 2888 1130 2939 regumque
1151 2874 1329 2932 coustitutum,

221 2948 263 2996 rel
297 2953 435 3012 utrumque
460 2960 561 2997 sensum
585 2948 660 2997 simul
686 2964 755 2998 conr-
797 2966 848 3015 qno
866 2953 1045 3000 consultarent
1056 2951 1105 3012 ipsi
1117 2950 1328 3012 simol,qnidstn·

221 3023 312 3086 plexus
322 3032 379 3085 est;
401 3026 439 3071 ita
450 3029 479 3073 ut
491 3038 523 3072 ex
534 3039 609 3087 equo
620 3023 692 3074 facte
703 3040 755 3087 pax
796 3034 901 3076 tuerent
928 3027 961 3075 de
992 3028 1116 3075 Armenta.
1158 3027 1193 3074 Et
1219 3025 1330 3086 adiecisse

221 3100 330 3163 perinde
345 3101 415 3150 utilis
427 3106 497 3151 esset
509 3100 612 3149 Partitis
623 3101 755 3151 Romanis·
794 3104 875 3151 etism
883 3103 957 3165 Deos,
971 3101 1076 3165 dignum
1087 3100 1193 3163 fastigio
1204 3100 1331 3149 Arsacida-

222 3189 281 3239 que.
554 3210 560 3219 -
793 3192 847 3227 rust
867 3178 956 3238 decos,
973 3183 1003 3226 ut
1024 3176 1096 3245 sinui
1113 3181 1137 3224 et
1153 3177 1183 3224 de
1198 3175 1330 3237 kgiosidns

252 3256 265 3282 ¹¹
281 3250 351 3300 Duas
366 3250 480 3313 krinner]
508 3250 609 3303 Quarta
619 3259 648 3300 et
656 3251 753 3300 dnode·
794 3254 863 3302 Rom.
873 3254 1054 3312 decernerent,
1064 3266 1097 3300 en
1109 3267 1153 3301 ees
1161 3252 1329 3315 opprimerent,

220 3324 297 3374 eima.
330 3328 389 3375 Nou
407 3326 496 3389 quinte
520 3340 578 3389 qun
607 3328 697 3390 procul
725 3326 753 3374 in
793 3328 1126 3377 nnimlsmesds'sritterent.

221 3399 422 3463 Pontoegebnt.
825 3405 913 3455 Qtrere
940 3404 1033 3452 scribit
1053 3401 1122 3452 infre
1143 3416 1190 3451 rex
1210 3400 1328 3451 Neroni:

196 3487 197 3491 ’
255 3476 406 3539 'Nititpro
425 3474 506 3539 ennon]
534 3475 605 3525 Nihil
616 3476 685 3541 quod
695 3486 754 3542 per·
792 3480 845 3527 ‘Se
867 3483 953 3542 priore
971 3487 998 3527 et
1018 3478 1115 3527 totiens
1127 3478 1232 3540 jnctrta
1249 3491 1328 3539 snper

222 3550 319 3600 tineret
340 3552 373 3599 ad
390 3552 494 3610 bellum,
514 3559 560 3601 aut
588 3566 688 3615 precem,
707 3553 754 3603 sed
793 3553 937 3602 obtinenda
964 3551 1087 3601 Armenia
1110 3566 1177 3601 nunc
1198 3552 1328 3612 omittere,

220 3628 294 3692 *queri
305 3629 361 3690 ipse
370 3629 449 3687 solus,
461 3634 489 3676 et
500 3628 556 3677 sine
566 3627 690 3679 frutribus
701 3637 754 3678 stu·
794 3631 915 3693 qnoniam
935 3630 981 3678 Dii
1001 3630 1116 3693 quemvis
1128 3628 1274 3692 potentium
1283 3642 1328 3690 po·

217 3708 296 3752 tuere
314 3716 365 3749 non
378 3709 474 3764 postet,
491 3703 638 3765 entncllet,
650 3718 755 3767 respon·
795 3706 916 3769 pelorum
937 3704 1038 3765 arbitri,
1060 3704 1245 3766 possessionem
1263 3704 1328 3751 Per·

220 3778 268 3843 dit,
291 3778 339 3827 sibi
362 3778 539 3839 expectandos
558 3776 654 3827 iratres
669 3794 755 3843 reges,
795 3781 856 3842 tlris,
867 3794 917 3829 non
929 3780 985 3827 sine
1002 3780 1142 3841 ignominia
1158 3780 1231 3826 Rom.
1250 3775 1329 3824 tredi-

218 3854 347 3905 Pacorum
364 3852 568 3903 et'l'irrdntemt
585 3852 661 3914 sorte,
676 3856 754 3903 utsic
794 3856 902 3905 dissent.
936 3857 1029 3918 Nuper
1041 3857 1157 3904 clausurn
1172 3855 1328 3917 Tigrenem:

219 3931 300 3993 megin
312 3936 457 3977 exterreret
468 3929 579 3977 Paetum.
614 3930 671 3979 Nec
679 3938 752 3979 certe
792 3941 851 3997 post
865 3933 976 3993 Paetum,
987 3933 1162 3993 legronesque,
1171 3944 1230 3977 cnm
1243 3927 1328 3991 oppri-

219 4008 306 4053 tsmen
319 4005 381 4051 levis
404 4002 525 4049 momenti
543 4002 677 4050 consilinm
694 4002 753 4067 fuit,
793 4022 863 4056 mere
875 4014 973 4069 posset,
984 4008 1125 4053 incolumes
1135 4001 1283 4061 dimisisse?

219 4092 254 4126 en
266 4085 329 4138 turn,
341 4090 442 4139 nempe,
453 4083 613 4139 temperaret
624 4078 752 4141 victorine,
826 4084 879 4131 Per
885 4081 914 4130 rt
923 4082 1174 4145 quamvispntenttam,
1183 4078 1327 4141 presertim

218 4167 253 4203 Μ
265 4160 322 4203 toto
329 4154 390 4216 jure
401 4153 463 4202 belii
471 4158 600 4201 uteretur·
793 4160 902 4224 respicit
911 4159 942 4209 sd
952 4158 1092 4219 Romanos,
1099 4156 1162 4205 dein
1171 4154 1327 4205 etPnrtlros.

207 4216 215 4230 ’
251 4226 371 4291 ΠΜ·
394 4226 444 4277 iili·
465 4226 613 4295 immite]
647 4221 755 4294 Integre
793 4234 876 4289 Quasi
891 4233 1004 4299 diceret,
1017 4232 1184 4299 queuturnris
1200 4228 1332 4297 potentie·-
