2984 4850
180 330 256 396 nc.
273 331 330 397 dds}
539 328 748 378 ANMMUH
773 329 851 381 ΜΒ,
870 328 935 377 XV.
1203 314 1291 382 m

206 474 282 537 ee.
305 465 368 536 nie
389 467 555 535 interritus
572 472 687 554 poscit
700 474 712 504 ‘
726 472 916 538 esnnene
927 472 1062 537 tannes
1074 470 1093 537 :'
1110 490 1169 551 ἀο,
1184 472 1288 537 dene·

182 579 280 657 gerute
299 572 530 648 emenone:
552 578 732 636 conversus
758 571 801 635 nd
824 572 960 648 emices,
977 576 987 605 ‘
1003 571 1138 655 qnando
1160 574 1287 641 meritis

182 691 298 738 eorum
319 674 438 736 reterre
465 673 605 754 gratiam
627 672 888 756 prehiberetnr,'¹
920 673 1009 757 qnod
1033 692 1135 737 unum
1158 674 1230 757 jem
1255 678 1290 741 es

181 775 451 859 pulcherrimum⁴
467 775 598 838 babebe
623 778 669 819 ³'‘
685 774 862 855 imaginem
886 775 966 839 vitm
990 794 1060 838 suae
1082 766 1292 857 relinquere,'

141 957 145 963 -
214 924 261 973 Ille
269 924 402 987 impavidus
409 925 472 989 petit
481 940 616 987 supremas
626 924 725 973 tabulas
736 942 741 973 :
754 930 778 973 et
789 928 909 973 recusoste
919 924 1063 985 centurione,
1072 925 1146 973 vertit
1153 938 1177 973 ss
1188 924 1219 973 sd
1229 922 1289 973 emb

182 985 386 1051 coementoque
397 988 664 1053 se,qusodoquidem
682 990 783 1037 meritis
797 990 899 1041 illerum
917 996 1002 1052 grates
1022 988 1167 1051 rependere
1182 994 1285 1037 vetare·

182 1052 309 1115 tumim,
316 1054 386 1117 quod
393 1060 455 1103 tunc
465 1054 546 1103 solum
554 1053 601 1103 ss’bs'
609 1060 754 1115 supererat,
762 1068 792 1101 ec
802 1060 887 1101 tamen
897 1052 1133 1115 praeclarissimum,
1141 1052 1288 1115 exemplum

181 1115 245 1164 vitre
258 1131 312 1165 sure
323 1118 486 1182 relinquere:
504 1118 579 1181 cujus
588 1118 715 1165 virtutum
726 1118 877 1166 memoriam
893 1116 914 1165 si
924 1118 1068 1167 retinerent
1080 1114 1179 1179 animis,
1191 1114 1247 1165 fore
1258 1120 1288 1173 st

644 1244 823 1263 eumenen

214 1326 228 1370 1
246 1321 382 1371 Brotierus
393 1324 623 1373 auctoritateMsti
635 1326 699 1388 Reg.
709 1326 789 1375 babet
803 1326 1000 1389 probibente-²
1019 1324 1098 1375 Hunc
1119 1326 1205 1374 locum
1222 1322 1287 1373 Bro-

182 1385 263 1434 tierns
273 1388 310 1435 sic
321 1386 422 1436 edidits
438 1390 499 1451 quod
509 1402 581 1438 mern
589 1389 643 1448 isso
660 1396 684 1437 et
700 1396 779 1441 tossen
793 1390 1054 1453 pulcherrimum-Et
1065 1396 1143 1439 tomes
1154 1390 1205 1439 Mo.
1217 1390 1286 1439 Flet.

181 1447 223 1559 qet
233 1450 277 1498 ed.
289 1449 370 1515 Ven.)
381 1458 448 1501 teste
458 1452 486 1502 J.
499 1452 581 1501 Gron.
593 1452 681 1503 Guelf.
694 1454 736 1502 ed.
749 1468 788 1515 pr.
800 1461 826 1502 et
839 1462 934 1503 ceterae
947 1461 1007 1503 aute
1020 1454 1101 1502 libers.
1114 1453 1156 1515 qui
1168 1452 1196 1516 (e
1206 1450 1287 1513 Bud.)

175 1516 179 1525 “
194 1514 307 1573 ecitjooo
315 1520 435 1564 testreet.
452 1516 569 1566 Picbeno
580 1518 676 1568 velute
687 1518 739 1566 Mo.
752 1518 820 1568 Flor.
833 1524 861 1567 et
872 1518 914 1567 ed.
926 1518 1087 1581 Puteoljom
1095 1521 1208 1577 ettamen,
1216 1516 1285 1579 quod

181 1574 274 1644 fulsum
287 1584 337 1639 est,
348 1585 376 1627 et
387 1580 470 1627 secuti
486 1584 547 1628 sont
561 1586 650 1629 tamen
662 1594 750 1629 omnes
763 1582 887 1644 usquead
900 1582 1036 1645 llyclsium‚
1047 1580 1091 1644 qui
1104 1581 1176 1629 velut
1187 1580 1285 1629 emor.

182 1639 256 1689 dedit
261 1642 316 1701 jons
327 1646 406 1691 tomes
413 1642 493 1705 puleio.
510 1642 560 1691 Sed
572 1648 685 1692 ettamen
697 1646 811 1693 restitnit
828 1646 854 1695 J.
867 1646 949 1694 Gron.
983 1644 1048 1693 Mihi
1059 1658 1120 1693 vero
1130 1644 1193 1692 illud
1204 1648 1286 1693 tertre

180 1701 276 1766 friget:
294 1712 322 1754 et
333 1707 397 1754 alias
416 1707 525 1755 Tacitus
535 1712 560 1755 et
571 1716 618 1769 pro
629 1713 655 1755 ot
666 1722 747 1770 saepe,
759 1709 804 1756 sed
817 1718 919 1770 semper
931 1710 986 1757 sinc
994 1714 1088 1755 temon:
1104 1708 1174 1755 unde
1185 1720 1287 1769 vereor,

180 1781 214 1815 ne
225 1768 318 1827 exiam
328 1775 352 1817 et
362 1776 451 1817 natum
464 1771 508 1819 sit.
540 1771 645 1819 Deinde
660 1771 744 1819 noceor
762 1785 777 1819 e
797 1772 865 1820 Flor.
877 1770 983 1821 edidere
995 1771 1109 1833 Ryckius
1120 1776 1147 1818 e't
1162 1770 1189 1820 J.
1200 1770 1284 1819 eron.

179 1832 367 1895 Conjunctivns
377 1834 419 1882 bic
430 1834 534 1896 quidem
545 1835 646 1894 melior,
659 1835 704 1882 sed
721 1832 819 1883 heberet
837 1850 893 1883 esse
914 1836 1032 1895 deberet,
1047 1848 1099 1882 nen
1118 1832 1211 1894 tabent,
1222 1833 1284 1896 quia

179 1896 307 1970 precedit
314 1897 486 1960 prohiberetur.
519 1898 612 1973 Itaque
622 1898 721 1973 nobem
733 1900 844 1973 servavi,
856 1899 924 1963 qnod
936 1913 950 1946 e
962 1898 1049 1973 'l'eoiti
1060 1910 1171 1960 persone
1181 1896 1284 1973 dictent

180 1960 1284 2091 nilnttlnlitlttt‘'nlttlrlttltllnlti:,llt'tlti'zntt‘ulol¹2tll

179 2101 195 2135 e
207 2101 318 2149 persone
329 2089 468 2149 narrantis,
480 2095 509 2138 ut
518 2104 591 2151 saepe
602 2091 680 2137 etiam
693 2090 761 2152 apud
774 2090 884 2139 Livium.
902 2092 997 2139 Emaest.
1023 2088 1092 2137 Bud.
1107 2088 1178 2137 hebet
1189 2088 1283 2138 vitiose

179 2165 229 2213 pro
239 2151 345 2200 nobem.
373 2152 501 2201 Certatim
511 2153 596 2201 hobed
608 2167 732 2217 recepere
744 2162 802 2215 post
815 2154 942 2216 Ryrkium
954 2160 981 2202 et
990 2152 1017 2202 J.
1030 2154 1110 2201 Gron.
1127 2153 1202 2202 Brot.
1215 2153 1283 2203 Lau.

179 2214 242 2276 Bip.
260 2216 355 2264 ilerum
367 2224 441 2265 recte
450 2223 538 2266 mouet
557 2219 621 2265 Eru.
637 2217 794 2281 jactantiam
806 2218 883 2267 istam
895 2218 999 2281 ingenio
1011 2218 1116 2271 Seneca
1128 2231 1178 2265 non
1189 2230 1284 2265 conve·
1314 2214 1320 2221 '

179 2277 246 2327 nire.
277 2280 416 2343 Santergo
427 2281 508 2329 verbs
517 2282 611 2342 inciti,
621 2281 690 2345 quod
701 2282 787 2331 literis
798 2283 906 2333 mutatis
919 2281 1042 2341 indicavi,
1057 2287 1159 2331 servato
1173 2278 1284 2343 babebat,

178 2342 249 2406 qnod
261 2344 324 2392 Ern.
336 2344 464 2405 restitnit,
475 2352 502 2393 et
512 2346 600 2394 deleto
610 2350 700 2405 tusses,
712 2346 783 2409 quod
795 2360 898 2395 sensum
910 2346 1009 2395 turbat.
1039 2345 1085 2393 sic
1097 2344 1176 2393 sentit
1186 2350 1214 2393 et
1225 2340 1282 2393 Hil-

177 2406 227 2456 ler.
239 2407 303 2458 liae.
314 2412 354 2459 lt.
372 2408 527 2459 otene-o
545 2409 642 2460 Hotsot
654 2410 769 2473 llyckius
780 2417 807 2459 et
818 2410 844 2462 J.
857 2408 1003 2460 Gronovius
1014 2422 1030 2460 e
1042 2408 1095 2458 Ms.
1114 2408 1183 2462 Flor.
1200 2413 1229 2458 et
1244 2406 1282 2460 sie

673 2533 781 2582 NOTAE

210 2641 383 2692 ‘Testoosms'
397 2643 508 2702 tobslm
525 2661 562 2708 oc,
580 2645 711 2708 denegante
752 2645 805 2708 ille,
826 2651 855 2700 ut
876 2659 964 2694 omnes
985 2645 1091 2694 Senecae
1111 2657 1173 2706 opes
1193 2642 1282 2692 stetim

176 2719 331 2782 emerim]
340 2720 390 2769 Vel
397 2735 561 2783 suppressum
571 2728 710 2771 testamen·
752 2723 826 2772 Nero
843 2722 966 2774 invadere
975 2727 1072 2784 posset,
1082 2734 1128 2769 seu
1141 2719 1281 2783 Tigellinus

176 2802 233 2845 tum
246 2798 364 2855 Senecae,
379 2803 409 2846 ut
423 2797 510 2846 omnia
526 2797 595 2846 bona
604 2803 709 2860 reperet
749 2797 857 2848 sevitie
870 2797 1024 2846 Neronianae
1035 2796 1167 2858 magister.

123 2894 127 2898 ·
177 2873 263 2931 Nero,
272 2885 318 2920 sen
328 2871 477 2936 Tigellinus,
487 2879 518 2920 ut
535 2881 623 2922 narrat
634 2873 708 2923 Suet.
781 2871 907 2922 Attamen
932 2873 987 2938 jam
1023 2879 1099 2920 entes
1127 2869 1283 2920 condiderat

175 2952 218 2996 ⁸⁵.
244 2947 287 2994 De
306 2946 386 2996 amita
403 2947 515 2996 Neronis
534 2949 650 2997 Domitia
661 2951 708 2998 Le·
749 2953 933 2998 testamentum
964 2947 1077 3003 Senecn3
1119 2957 1177 2991 uam
1203 2942 1281 3006 insta,

175 3022 276 3088 pidu‘
288 3022 358 3070 Nom
375 3022 486 3071 necdum
497 3022 629 3072 defunctae
639 3023 708 3074 bona
748 3023 806 3072 ‘ita
833 3021 960 3070 codicillis
987 3016 1203 3082 praescripserat,'
1234 3017 1281 3066 Se·

173 3099 282 3157 invasit,
308 3113 448 3162 suppresso
476 3105 642 3158 testamento,
674 3114 707 3147 ne
748 3113 813 3147 neca
833 3111 936 3160 nempe,
955 3101 984 3144 ut
1009 3095 1083 3142 ‘sinc
1109 3093 1162 3142 ullo
1181 3090 1281 3142 funeris

174 3174 237 3242 quid
249 3173 419 3224 abscederet!
450 3173 503 3224 Sed
516 3180 570 3222 tum
581 3172 707 3236 poscebat
748 3175 847 3224 solenni
859 3171 1036 3224 cremaretur!

173 3250 328 3304 testamenti
347 3251 458 3313 tabidos,
473 3256 503 3299 ut
519 3249 616 3312 aliquid
629 3249 707 3298 adde·
780 3251 858 3300 Forte
880 3251 960 3300 etiem
980 3249 1006 3298 id
1026 3248 1050 3298 ei
1062 3248 1227 3312 denegarunt
1247 3262 1281 3300 ne

172 3331 217 3374 set
227 3325 371 3387 ingratiam
381 3325 522 3374 amicornm
531 3323 706 3387 presentium.
746 3327 854 3376 licentia
867 3327 1025 3376 ‘testamenti
1041 3331 1161 3376 uteretur
1176 3325 1203 3375 iu
1219 3341 1280 3388 con·

206 3400 257 3450 Vel
276 3407 458 3451 testamentum
476 3399 583 3448 Senecae
602 3413 629 3447 se
650 3398 707 3462 ipso
747 3403 880 3452 tumeliam
913 3403 1037 3466 principis
1075 3408 1120 3451 eut
1146 3400 1279 3465 Tigellini.

172 3476 277 3528 irritum
288 3475 350 3536 fnit,
362 3491 423 3540 quoa
437 3489 496 3524 rens
508 3474 663 3538 mejestatis,
680 3483 707 3525 et
748 3479 814 3530 Quae
833 3480 939 3528 licentia
958 3488 1012 3528 tum
1029 3479 1054 3526 iu
1074 3494 1121 3527 usu
1138 3477 1196 3528 fuit.
1228 3479 1279 3528 Vel

173 3556 312 3604 damnatus
322 3553 412 3617 periit,
421 3553 548 3616 autquasi
560 3552 706 3615 damnatus,
748 3554 773 3603 id
786 3556 842 3603 sols
853 3553 960 3614 ferocior,
975 3561 1002 3602 et
1013 3569 1060 3617 pro
1071 3569 1117 3604 stro
1128 3553 1202 3604 libito
1213 3553 1279 3602 mili·

172 3631 235 3696 qnin
245 3633 314 3681 inter
324 3631 472 3694 conjuratos
483 3629 634 3680 nominatus.
748 3629 808 3688 tari,
827 3631 930 3692 negavit
947 3629 1081 3688 Centurio,
1093 3631 1154 3694 quin
1165 3630 1229 3678 nibil
1238 3643 1279 3678 tn·

207 3705 362 3768 Dencgmtte]
378 3707 431 3756 Cur
447 3705 474 3754 id
491 3707 596 3767 negavit
610 3707 706 3756 Centu-
746 3722 794 3771 per
805 3722 837 3756 ea
848 3721 876 3756 re
887 3707 937 3770 ipsi
948 3707 1097 3770 mandalum
1109 3706 1200 3756 fluerat.

171 3784 231 3832 rie?
248 3785 341 3844 Neque
356 3781 423 3831 enim
446 3781 473 3830 id
488 3782 605 3844 jusserat
624 3783 706 3844 Nero,
779 3783 896 3846 Aspectu
917 3784 1030 3833 abstinet
1053 3785 1170 3832 Silvanus
1187 3779 1278 3830 Tribu-

173 3865 220 3909 ant
231 3858 358 3908 tribunos.
393 3859 480 3918 Forte,
489 3859 525 3906 sic
536 3859 649 3920 jubente
660 3859 706 3908 ali·
746 3874 804 3920 nus,
814 3859 874 3923 quia
885 3875 899 3908 e
911 3861 1104 3922 certissimique
1121 3859 1188 3908 forte
1199 3859 1236 3907 sic
1248 3871 1277 3909 se

171 3951 224 4002 quo
235 3943 357 3986 exactore
370 3935 549 3997 promtissime
562 3935 661 3996 mortis,
672 3949 705 3986 ne
746 3935 881 3998 proderet,
899 3940 945 3983 avit
964 3933 1064 3984 fuceret
1077 3937 1210 3984 <liceretne
1231 3935 1278 3984 sli-

171 4011 243 4060 forte
255 4014 296 4060 vel
307 4011 419 4060 moriens
431 4011 456 4060 in
468 4011 565 4060 amicos
576 4026 640 4075 opes
649 4019 705 4077 pto·
745 4011 807 4076 quid
830 4013 898 4077 quod
919 4015 1101 4063 observaretur
1126 4029 1141 4060 a
1163 4013 1276 4062 custodi·

170 4087 295 4140 tunderet
304 4087 433 4150 supremis
448 4089 549 4137 tabulis.
574 4087 704 4138 Velfoi‘te
745 4089 792 4138 bns
811 4104 856 4139 seu
876 4091 1044 4140 exactoribus
1062 4091 1161 4150 mortis,
1172 4103 1223 4152 quo
1236 4103 1277 4140 sc-

171 4180 206 4222 ea
225 4171 331 4216 secreta
350 4163 472 4214 mandata
485 4163 582 4216 babuit
600 4165 704 4216 satelles
744 4159 828 4240 cletas
848 4171 895 4217 aut
914 4167 1074 4225 conscientie
1089 4165 1275 4229 conjurationis
