<?xml version="1.0" encoding="UTF-8"?>
<!DOCTYPE html PUBLIC "-//W3C//DTD XHTML 1.0 Transitional//EN"
    "http://www.w3.org/TR/xhtml1/DTD/xhtml1-transitional.dtd">
<html xmlns="http://www.w3.org/1999/xhtml" xml:lang="en" lang="en">
 <head>
  <title>
</title>
<meta http-equiv="Content-Type" content="text/html;charset=utf-8" />
  <meta name='ocr-system' content='tesseract 3.04.00' />
  <meta name='ocr-capabilities' content='ocr_page ocr_carea ocr_par ocr_line ocrx_word'/>
</head>
<body>
  <div class='ocr_page' id='page_1' title='image "./ccorneliitaciti03unkngoog_0311.png"; bbox 0 0 2984 4850; ppageno 0'>
   <div class='ocr_carea' id='block_1_1' title="bbox 154 342 1263 526">
    <p class='ocr_par' dir='ltr' id='par_1_1' title="bbox 154 342 1263 526">
     <span class='ocr_line' id='line_1_1' title="bbox 154 342 1263 526; baseline -0.008 -50"><span class='ocrx_word' id='word_1_1' title='bbox 154 424 225 477; x_wconf 73' lang='lat' dir='ltr'><strong><em>nc</em></strong></span> <span class='ocrx_word' id='word_1_2' title='bbox 236 342 366 526; x_wconf 45' lang='lat' dir='ltr'><strong><em>asub,ff</em></strong></span> <span class='ocrx_word' id='word_1_3' title='bbox 511 413 718 469; x_wconf 79' lang='lat' dir='ltr'><strong><em>suurmurt</em></strong></span> <span class='ocrx_word' id='word_1_4' title='bbox 742 418 817 467; x_wconf 76' lang='lat' dir='ltr'><strong><em>ars.</em></strong></span> <span class='ocrx_word' id='word_1_5' title='bbox 840 418 907 467; x_wconf 78' lang='lat' dir='ltr'><strong><em>xv.</em></strong></span> <span class='ocrx_word' id='word_1_6' title='bbox 1176 404 1263 473; x_wconf 79' lang='lat'><strong><em>1927</em></strong></span> 
     </span>
    </p>
   </div>
   <div class='ocr_carea' id='block_1_2' title="bbox 156 487 1264 749">
    <p class='ocr_par' dir='ltr' id='par_1_2' title="bbox 156 487 1264 749">
     <span class='ocr_line' id='line_1_2' title="bbox 156 487 1264 685; baseline 0.004 -56"><span class='ocrx_word' id='word_1_7' title='bbox 156 487 312 639; x_wconf 70' lang='lat' dir='ltr'><strong><em>diffisum,</em></strong></span> <span class='ocrx_word' id='word_1_8' title='bbox 327 560 617 629; x_wconf 82' lang='lat' dir='ltr'><strong><em>victarnnstarnau</em></strong></span> <span class='ocrx_word' id='word_1_9' title='bbox 634 562 748 642; x_wconf 80' lang='lat' dir='ltr'><strong><em>inissa,</em></strong></span> <span class='ocrx_word' id='word_1_10' title='bbox 773 563 804 627; x_wconf 87' lang='lat' dir='ltr'><strong><em>si</em></strong></span> <span class='ocrx_word' id='word_1_11' title='bbox 827 534 1031 629; x_wconf 86' lang='lat' dir='ltr'><strong><em>clementiam</em></strong></span> <span class='ocrx_word' id='word_1_12' title='bbox 1054 560 1181 685; x_wconf 82' lang='lat' dir='ltr'><strong><em>judicis</em></strong></span> <span class='ocrx_word' id='word_1_13' title='bbox 1204 587 1264 634; x_wconf 80' lang='lat' dir='ltr'><strong><em>ex·</em></strong></span> 
     </span>
     <span class='ocr_line' id='line_1_3' title="bbox 157 664 365 749; baseline 0 -21"><span class='ocrx_word' id='word_1_14' title='bbox 157 664 365 749; x_wconf 68' lang='lat' dir='ltr'><strong><em>portasset!</em></strong></span> 
     </span>
    </p>
   </div>
   <div class='ocr_carea' id='block_1_3' title="bbox 128 758 1266 1055">
    <p class='ocr_par' dir='ltr' id='par_1_3' title="bbox 128 758 1264 1055">
     <span class='ocr_line' id='line_1_4' title="bbox 200 758 1264 851; baseline 0.002 -20"><span class='ocrx_word' id='word_1_15' title='bbox 200 767 257 831; x_wconf 75' lang='grc'><strong><em>36.</em></strong></span> <span class='ocrx_word' id='word_1_16' title='bbox 280 766 355 831; x_wconf 88' lang='lat' dir='ltr'><strong><em>Nec</em></strong></span> <span class='ocrx_word' id='word_1_17' title='bbox 369 766 473 832; x_wconf 90' lang='lat' dir='ltr'><strong><em>multo</em></strong></span> <span class='ocrx_word' id='word_1_18' title='bbox 486 770 575 849; x_wconf 81' lang='lat' dir='ltr'><strong><em>post,</em></strong></span> <span class='ocrx_word' id='word_1_19' title='bbox 590 758 717 830; x_wconf 79' lang='lat' dir='ltr'><strong><em>omissa</em></strong></span> <span class='ocrx_word' id='word_1_20' title='bbox 733 766 769 832; x_wconf 88' lang='lat' dir='ltr'><strong><em>iu</em></strong></span> <span class='ocrx_word' id='word_1_21' title='bbox 789 784 940 851; x_wconf 83' lang='lat' dir='ltr'><strong><em>praeseus</em></strong></span> <span class='ocrx_word' id='word_1_22' title='bbox 955 762 1112 844; x_wconf 73' lang='lat' dir='ltr'><strong><em>Achaia,¹</em></strong></span> <span class='ocrx_word' id='word_1_23' title='bbox 1134 772 1264 846; x_wconf 81' lang='lat' dir='ltr'><strong><em>(caussa</em></strong></span> 
     </span>
     <span class='ocr_line' id='line_1_5' title="bbox 128 865 1266 969; baseline 0.002 -34"><span class='ocrx_word' id='word_1_24' title='bbox 128 964 133 969; x_wconf 18' lang='grc' dir='ltr'><em>η</em></span> <span class='ocrx_word' id='word_1_25' title='bbox 157 870 194 935; x_wconf 89' lang='lat' dir='ltr'><strong><em>iu</em></strong></span> <span class='ocrx_word' id='word_1_26' title='bbox 207 872 347 933; x_wconf 79' lang='lat' dir='ltr'><strong><em>incerto¹</em></strong></span> <span class='ocrx_word' id='word_1_27' title='bbox 362 865 468 951; x_wconf 81' lang='lat' dir='ltr'><strong><em>fuere)</em></strong></span> <span class='ocrx_word' id='word_1_28' title='bbox 479 868 595 933; x_wconf 89' lang='lat' dir='ltr'><strong><em>urbem</em></strong></span> <span class='ocrx_word' id='word_1_29' title='bbox 607 866 743 933; x_wconf 75' lang='lat' dir='ltr'><strong><em>reiisit·</em></strong></span> <span class='ocrx_word' id='word_1_30' title='bbox 734 871 956 953; x_wconf 81' lang='lat' dir='ltr'><strong><em>,provincias</em></strong></span> <span class='ocrx_word' id='word_1_31' title='bbox 971 868 1145 949; x_wconf 62' lang='lat' dir='ltr'><strong><em>orientia!</em></strong></span> <span class='ocrx_word' id='word_1_32' title='bbox 1161 874 1266 937; x_wconf 83' lang='lat' dir='ltr'><strong><em>maxi-</em></strong></span> 
     </span>
     <span class='ocr_line' id='line_1_6' title="bbox 158 970 1264 1055; baseline 0.002 -19"><span class='ocrx_word' id='word_1_33' title='bbox 158 991 211 1036; x_wconf 86' lang='lat' dir='ltr'><strong><em>me</em></strong></span> <span class='ocrx_word' id='word_1_34' title='bbox 226 971 434 1055; x_wconf 82' lang='lat' dir='ltr'><strong><em>AEgyptnm,⁸</em></strong></span> <span class='ocrx_word' id='word_1_35' title='bbox 448 970 585 1035; x_wconf 82' lang='lat' dir='ltr'><strong><em>secretis</em></strong></span> <span class='ocrx_word' id='word_1_36' title='bbox 602 972 907 1053; x_wconf 81' lang='lat' dir='ltr'><strong><em>imaginationibus²</em></strong></span> <span class='ocrx_word' id='word_1_37' title='bbox 921 971 1064 1055; x_wconf 53' lang='lat' dir='ltr'><strong><em>amians.</em></strong></span> <span class='ocrx_word' id='word_1_38' title='bbox 1065 980 1080 1008; x_wconf 84' lang='lat'>⁸</span> <span class='ocrx_word' id='word_1_39' title='bbox 1123 974 1264 1039; x_wconf 79' lang='lat' dir='ltr'><strong><em>Debiuc³</em></strong></span> 
     </span>
    </p>
   </div>
   <div class='ocr_carea' id='block_1_4' title="bbox 157 1130 1273 1331">
    <p class='ocr_par' dir='ltr' id='par_1_4' title="bbox 158 1130 1273 1331">
     <span class='ocr_line' id='line_1_7' title="bbox 158 1130 1255 1199; baseline 0.005 -16"><span class='ocrx_word' id='word_1_40' title='bbox 158 1132 273 1191; x_wconf 83' lang='lat' dir='ltr'><strong><em>dentem,</em></strong></span> <span class='ocrx_word' id='word_1_41' title='bbox 285 1133 439 1182; x_wconf 83' lang='lat' dir='ltr'><strong><em>incolumem</em></strong></span> <span class='ocrx_word' id='word_1_42' title='bbox 451 1137 538 1182; x_wconf 80' lang='lat' dir='ltr'><strong><em>temen</em></strong></span> <span class='ocrx_word' id='word_1_43' title='bbox 549 1130 675 1195; x_wconf 81' lang='lat' dir='ltr'><strong><em>tatarum,</em></strong></span> <span class='ocrx_word' id='word_1_44' title='bbox 686 1134 852 1185; x_wconf 74' lang='lat' dir='ltr'><strong><em>solenitatem</em></strong></span> <span class='ocrx_word' id='word_1_45' title='bbox 863 1134 988 1199; x_wconf 84' lang='lat' dir='ltr'><strong><em>principia</em></strong></span> <span class='ocrx_word' id='word_1_46' title='bbox 999 1136 1115 1199; x_wconf 85' lang='lat' dir='ltr'><strong><em>opperiri</em></strong></span> <span class='ocrx_word' id='word_1_47' title='bbox 1123 1138 1255 1189; x_wconf 87' lang='lat' dir='ltr'><strong><em>voluisset.</em></strong></span> 
     </span>
     <span class='ocr_line' id='line_1_8' title="bbox 193 1197 1267 1272; baseline 0.005 -26"><span class='ocrx_word' id='word_1_48' title='bbox 193 1198 229 1246; x_wconf 82' lang='lat' dir='ltr'><strong><em>Et</em></strong></span> <span class='ocrx_word' id='word_1_49' title='bbox 237 1199 368 1261; x_wconf 68' lang='lat' dir='ltr'><strong><em>paulopost</em></strong></span> <span class='ocrx_word' id='word_1_50' title='bbox 378 1197 503 1247; x_wconf 74' lang='lat' dir='ltr'><strong><em>relicturi</em></strong></span> <span class='ocrx_word' id='word_1_51' title='bbox 511 1212 617 1272; x_wconf 60' lang='lat' dir='ltr'><strong><em>maresa</em></strong></span> <span class='ocrx_word' id='word_1_52' title='bbox 630 1198 734 1259; x_wconf 63' lang='lat' dir='ltr'><strong><em>Arhia,</em></strong></span> <span class='ocrx_word' id='word_1_53' title='bbox 748 1202 807 1261; x_wconf 86' lang='lat' dir='ltr'><strong><em>(cur</em></strong></span> <span class='ocrx_word' id='word_1_54' title='bbox 823 1200 990 1263; x_wconf 82' lang='lat' dir='ltr'><strong><em>relinqueret,</em></strong></span> <span class='ocrx_word' id='word_1_55' title='bbox 1001 1214 1077 1249; x_wconf 75' lang='lat' dir='ltr'><strong><em>marre</em></strong></span> <span class='ocrx_word' id='word_1_56' title='bbox 1087 1216 1133 1251; x_wconf 84' lang='lat' dir='ltr'><strong><em>non</em></strong></span> <span class='ocrx_word' id='word_1_57' title='bbox 1143 1209 1267 1265; x_wconf 77' lang='lat' dir='ltr'><strong><em>comperta</em></strong></span> 
     </span>
     <span class='ocr_line' id='line_1_9' title="bbox 157 1260 1273 1331; baseline 0.003 -22.192"><span class='ocrx_word' id='word_1_58' title='bbox 157 1260 235 1325; x_wconf 56' lang='lat' dir='ltr'><strong><em>sam)</em></strong></span> <span class='ocrx_word' id='word_1_59' title='bbox 201 1263 356 1310; x_wconf 74' lang='lat' dir='ltr'><strong><em>titanum</em></strong></span> <span class='ocrx_word' id='word_1_60' title='bbox 371 1262 454 1324; x_wconf 81' lang='lat' dir='ltr'><strong><em>rediit,</em></strong></span> <span class='ocrx_word' id='word_1_61' title='bbox 468 1260 577 1322; x_wconf 68' lang='lat' dir='ltr'><strong><em>regiones</em></strong></span> <span class='ocrx_word' id='word_1_62' title='bbox 595 1262 702 1314; x_wconf 72' lang='lat' dir='ltr'><strong><em>Orientis</em></strong></span> <span class='ocrx_word' id='word_1_63' title='bbox 717 1263 813 1313; x_wconf 78' lang='lat' dir='ltr'><strong><em>arcanis</em></strong></span> <span class='ocrx_word' id='word_1_64' title='bbox 828 1263 1012 1326; x_wconf 67' lang='lat' dir='ltr'><strong><em>cogitationibus</em></strong></span> <span class='ocrx_word' id='word_1_65' title='bbox 1028 1266 1135 1328; x_wconf 73' lang='lat' dir='ltr'><strong><em>agitans,</em></strong></span> <span class='ocrx_word' id='word_1_66' title='bbox 1149 1268 1273 1331; x_wconf 70' lang='lat' dir='ltr'><strong><em>precipue</em></strong></span> 
     </span>
    </p>
   </div>
   <div class='ocr_carea' id='block_1_5' title="bbox 623 1386 803 1408">
    <p class='ocr_par' dir='ltr' id='par_1_5' title="bbox 623 1386 803 1408">
     <span class='ocr_line' id='line_1_10' title="bbox 623 1386 803 1408; baseline 0.011 -3"><span class='ocrx_word' id='word_1_67' title='bbox 623 1386 803 1408; x_wconf 65' lang='lat' dir='ltr'><strong><em>“eunoun</em></strong></span> 
     </span>
    </p>
   </div>
   <div class='ocr_carea' id='block_1_6' title="bbox 159 1466 1269 1663">
    <p class='ocr_par' dir='ltr' id='par_1_6' title="bbox 159 1466 1267 1663">
     <span class='ocr_line' id='line_1_11' title="bbox 192 1466 1267 1532; baseline 0.005 -15"><span class='ocrx_word' id='word_1_68' title='bbox 192 1470 208 1517; x_wconf 89' lang='lat'>1</span> <span class='ocrx_word' id='word_1_69' title='bbox 227 1469 300 1518; x_wconf 75' lang='lat' dir='ltr'><strong><em>Gaas.</em></strong></span> <span class='ocrx_word' id='word_1_70' title='bbox 311 1466 481 1528; x_wconf 70' lang='lat' dir='ltr'><strong><em>immissum</em></strong></span> <span class='ocrx_word' id='word_1_71' title='bbox 493 1469 536 1517; x_wconf 87' lang='lat' dir='ltr'><strong><em>etl.</em></strong></span> <span class='ocrx_word' id='word_1_72' title='bbox 549 1482 589 1532; x_wconf 91' lang='lat' dir='ltr'><strong><em>pr</em></strong></span> <span class='ocrx_word' id='word_1_73' title='bbox 590 1471 639 1516; x_wconf 73' lang='grc'><strong><em>-2</em></strong></span> <span class='ocrx_word' id='word_1_74' title='bbox 657 1466 689 1515; x_wconf 86' lang='lat' dir='ltr'><strong><em>In</em></strong></span> <span class='ocrx_word' id='word_1_75' title='bbox 707 1468 757 1516; x_wconf 78' lang='lat' dir='ltr'><strong><em>tls.</em></strong></span> <span class='ocrx_word' id='word_1_76' title='bbox 769 1469 834 1532; x_wconf 77' lang='lat' dir='ltr'><strong><em>Reg.</em></strong></span> <span class='ocrx_word' id='word_1_77' title='bbox 848 1470 1074 1521; x_wconf 65' lang='lat' dir='ltr'><strong><em>machinationibus:</em></strong></span> <span class='ocrx_word' id='word_1_78' title='bbox 1091 1479 1119 1523; x_wconf 81' lang='lat' dir='ltr'><strong><em>at</em></strong></span> <span class='ocrx_word' id='word_1_79' title='bbox 1131 1472 1267 1527; x_wconf 81' lang='lat' dir='ltr'><strong><em>voxobelo</em></strong></span> 
     </span>
     <span class='ocr_line' id='line_1_12' title="bbox 159 1532 1266 1598; baseline 0.004 -16"><span class='ocrx_word' id='word_1_80' title='bbox 159 1538 266 1582; x_wconf 87' lang='lat' dir='ltr'><strong><em>notata.</em></strong></span> <span class='ocrx_word' id='word_1_81' title='bbox 285 1547 342 1582; x_wconf 89' lang='lat' dir='ltr'><strong><em>eam</em></strong></span> <span class='ocrx_word' id='word_1_82' title='bbox 354 1539 439 1582; x_wconf 88' lang='lat' dir='ltr'><strong><em>tamen</em></strong></span> <span class='ocrx_word' id='word_1_83' title='bbox 452 1532 601 1596; x_wconf 87' lang='lat' dir='ltr'><strong><em>probabant</em></strong></span> <span class='ocrx_word' id='word_1_84' title='bbox 612 1532 722 1581; x_wconf 78' lang='lat' dir='ltr'><strong><em>Ursinus</em></strong></span> <span class='ocrx_word' id='word_1_85' title='bbox 734 1540 762 1581; x_wconf 86' lang='lat' dir='ltr'><strong><em>et</em></strong></span> <span class='ocrx_word' id='word_1_86' title='bbox 772 1534 903 1584; x_wconf 87' lang='lat' dir='ltr'><strong><em>Muretus</em></strong></span> <span class='ocrx_word' id='word_1_87' title='bbox 934 1533 965 1583; x_wconf 91' lang='lat' dir='ltr'><strong><em>In</em></strong></span> <span class='ocrx_word' id='word_1_88' title='bbox 982 1536 1034 1585; x_wconf 84' lang='lat' dir='ltr'><strong><em>Ma.</em></strong></span> <span class='ocrx_word' id='word_1_89' title='bbox 1046 1538 1122 1589; x_wconf 83' lang='lat' dir='ltr'><strong><em>Jes.</em></strong></span> <span class='ocrx_word' id='word_1_90' title='bbox 1113 1538 1266 1598; x_wconf 67' lang='lat' dir='ltr'><strong><em>imaginibus</em></strong></span> 
     </span>
     <span class='ocr_line' id='line_1_13' title="bbox 159 1596 1269 1663; baseline 0.005 -15"><span class='ocrx_word' id='word_1_91' title='bbox 159 1601 209 1648; x_wconf 71' lang='lat'><strong><em>-3</em></strong></span> <span class='ocrx_word' id='word_1_92' title='bbox 227 1598 272 1647; x_wconf 85' lang='lat' dir='ltr'><strong><em>Src</em></strong></span> <span class='ocrx_word' id='word_1_93' title='bbox 283 1597 347 1648; x_wconf 81' lang='lat' dir='ltr'><strong><em>blsr</em></strong></span> <span class='ocrx_word' id='word_1_94' title='bbox 366 1604 394 1646; x_wconf 89' lang='lat' dir='ltr'><strong><em>et</em></strong></span> <span class='ocrx_word' id='word_1_95' title='bbox 410 1604 514 1646; x_wconf 87' lang='lat' dir='ltr'><strong><em>veteres</em></strong></span> <span class='ocrx_word' id='word_1_96' title='bbox 525 1596 662 1648; x_wconf 77' lang='lat' dir='ltr'><strong><em>editiones</em></strong></span> <span class='ocrx_word' id='word_1_97' title='bbox 695 1598 843 1663; x_wconf 73' lang='lat' dir='ltr'><strong><em>Rhenanus,</em></strong></span> <span class='ocrx_word' id='word_1_98' title='bbox 853 1598 908 1649; x_wconf 83' lang='lat' dir='ltr'><strong><em>dena</em></strong></span> <span class='ocrx_word' id='word_1_99' title='bbox 910 1602 967 1649; x_wconf 79' lang='lat' dir='ltr'><strong><em>.-—d</em></strong></span> <span class='ocrx_word' id='word_1_100' title='bbox 984 1600 1016 1650; x_wconf 91' lang='lat' dir='ltr'><strong><em>ln</em></strong></span> <span class='ocrx_word' id='word_1_101' title='bbox 1029 1602 1094 1651; x_wconf 84' lang='lat' dir='ltr'><strong><em>blas</em></strong></span> <span class='ocrx_word' id='word_1_102' title='bbox 1107 1602 1183 1655; x_wconf 77' lang='lat' dir='ltr'><strong><em>Harl.</em></strong></span> <span class='ocrx_word' id='word_1_103' title='bbox 1194 1604 1269 1655; x_wconf 78' lang='lat' dir='ltr'><strong><em>usu.</em></strong></span> 
     </span>
    </p>
   </div>
   <div class='ocr_carea' id='block_1_7' title="bbox 658 1726 765 1776">
    <p class='ocr_par' dir='ltr' id='par_1_7' title="bbox 658 1726 765 1776">
     <span class='ocr_line' id='line_1_14' title="bbox 658 1726 765 1776; baseline -0.009 0"><span class='ocrx_word' id='word_1_104' title='bbox 658 1726 765 1776; x_wconf 79' lang='lat' dir='ltr'>NOTAE</span> 
     </span>
    </p>
   </div>
   <div class='ocr_carea' id='block_1_8' title="bbox 159 1840 1279 4333">
    <p class='ocr_par' dir='ltr' id='par_1_8' title="bbox 159 1840 1272 2365">
     <span class='ocr_line' id='line_1_15' title="bbox 195 1840 1270 1905; baseline 0.007 -18"><span class='ocrx_word' id='word_1_105' title='bbox 195 1840 238 1887; x_wconf 79' lang='lat' dir='ltr'><strong><em>Ex</em></strong></span> <span class='ocrx_word' id='word_1_106' title='bbox 249 1840 324 1903; x_wconf 79' lang='lat' dir='ltr'><strong><em>more]</em></strong></span> <span class='ocrx_word' id='word_1_107' title='bbox 342 1841 403 1890; x_wconf 85' lang='lat' dir='ltr'><strong><em>Nou</em></strong></span> <span class='ocrx_word' id='word_1_108' title='bbox 421 1840 503 1890; x_wconf 91' lang='lat' dir='ltr'><strong><em>solum</em></strong></span> <span class='ocrx_word' id='word_1_109' title='bbox 520 1841 600 1905; x_wconf 88' lang='lat' dir='ltr'><strong><em>ipsius</em></strong></span> <span class='ocrx_word' id='word_1_110' title='bbox 612 1841 695 1891; x_wconf 88' lang='lat' dir='ltr'><strong><em>Nero·</em></strong></span> <span class='ocrx_word' id='word_1_111' title='bbox 768 1841 810 1891; x_wconf 86' lang='lat' dir='ltr'><strong><em>Ita</em></strong></span> <span class='ocrx_word' id='word_1_112' title='bbox 827 1843 911 1905; x_wconf 87' lang='lat' dir='ltr'><strong><em>palam</em></strong></span> <span class='ocrx_word' id='word_1_113' title='bbox 925 1844 973 1893; x_wconf 84' lang='lat' dir='ltr'><strong><em>leti</em></strong></span> <span class='ocrx_word' id='word_1_114' title='bbox 983 1844 1078 1893; x_wconf 85' lang='lat' dir='ltr'><strong><em>erroris</em></strong></span> <span class='ocrx_word' id='word_1_115' title='bbox 1090 1845 1158 1894; x_wconf 87' lang='lat' dir='ltr'><strong><em>illias</em></strong></span> <span class='ocrx_word' id='word_1_116' title='bbox 1172 1845 1270 1895; x_wconf 77' lang='lat' dir='ltr'><strong><em>Pausa·</em></strong></span> 
     </span>
     <span class='ocr_line' id='line_1_16' title="bbox 160 1914 1271 1984; baseline 0.008 -22"><span class='ocrx_word' id='word_1_117' title='bbox 160 1914 211 1975; x_wconf 84' lang='lat' dir='ltr'><strong><em>nir,</em></strong></span> <span class='ocrx_word' id='word_1_118' title='bbox 233 1915 280 1964; x_wconf 87' lang='lat' dir='ltr'><strong><em>sed</em></strong></span> <span class='ocrx_word' id='word_1_119' title='bbox 306 1922 333 1964; x_wconf 88' lang='lat' dir='ltr'><strong><em>et</em></strong></span> <span class='ocrx_word' id='word_1_120' title='bbox 356 1916 518 1979; x_wconf 79' lang='lat' dir='ltr'><strong><em>superiorum</em></strong></span> <span class='ocrx_word' id='word_1_121' title='bbox 540 1916 696 1980; x_wconf 84' lang='lat' dir='ltr'><strong><em>principum,</em></strong></span> <span class='ocrx_word' id='word_1_122' title='bbox 735 1917 792 1965; x_wconf 89' lang='lat' dir='ltr'><strong><em>nias</em></strong></span> <span class='ocrx_word' id='word_1_123' title='bbox 802 1916 945 1969; x_wconf 84' lang='lat' dir='ltr'><strong><em>liberatur:</em></strong></span> <span class='ocrx_word' id='word_1_124' title='bbox 964 1920 1009 1983; x_wconf 88' lang='lat' dir='ltr'><strong><em>qai</em></strong></span> <span class='ocrx_word' id='word_1_125' title='bbox 1029 1934 1078 1968; x_wconf 93' lang='lat' dir='ltr'><strong><em>non</em></strong></span> <span class='ocrx_word' id='word_1_126' title='bbox 1098 1921 1147 1969; x_wconf 88' lang='lat' dir='ltr'><strong><em>hoc</em></strong></span> <span class='ocrx_word' id='word_1_127' title='bbox 1164 1921 1271 1984; x_wconf 68' lang='lat' dir='ltr'><strong><em>voluat</em></strong></span> 
     </span>
     <span class='ocr_line' id='line_1_17' title="bbox 160 1990 1271 2059; baseline 0.005 -19"><span class='ocrx_word' id='word_1_128' title='bbox 160 1990 258 2040; x_wconf 85' lang='lat' dir='ltr'><strong><em>&#39;liberii</em></strong></span> <span class='ocrx_word' id='word_1_129' title='bbox 270 1998 299 2041; x_wconf 89' lang='lat' dir='ltr'><strong><em>et</em></strong></span> <span class='ocrx_word' id='word_1_130' title='bbox 308 1991 374 2054; x_wconf 88' lang='lat' dir='ltr'><strong><em>Caii,</em></strong></span> <span class='ocrx_word' id='word_1_131' title='bbox 384 1991 427 2056; x_wconf 88' lang='lat' dir='ltr'><strong><em>qni</em></strong></span> <span class='ocrx_word' id='word_1_132' title='bbox 439 1998 575 2057; x_wconf 82' lang='lat' dir='ltr'><strong><em>postquam</em></strong></span> <span class='ocrx_word' id='word_1_133' title='bbox 586 1991 696 2055; x_wconf 87' lang='lat' dir='ltr'><strong><em>optimos</em></strong></span> <span class='ocrx_word' id='word_1_134' title='bbox 735 1992 855 2042; x_wconf 79' lang='lat' dir='ltr'><strong><em>Sardinia</em></strong></span> <span class='ocrx_word' id='word_1_135' title='bbox 875 1999 937 2043; x_wconf 89' lang='lat' dir='ltr'><strong><em>tunc</em></strong></span> <span class='ocrx_word' id='word_1_136' title='bbox 956 1994 1059 2043; x_wconf 87' lang='lat' dir='ltr'><strong><em>demum</em></strong></span> <span class='ocrx_word' id='word_1_137' title='bbox 1081 1996 1214 2059; x_wconf 87' lang='lat' dir='ltr'><strong><em>provincia</em></strong></span> <span class='ocrx_word' id='word_1_138' title='bbox 1236 1997 1271 2046; x_wconf 89' lang='lat' dir='ltr'><strong><em>sit</em></strong></span> 
     </span>
     <span class='ocr_line' id='line_1_18' title="bbox 161 2060 1272 2135; baseline 0.005 -19"><span class='ocrx_word' id='word_1_139' title='bbox 161 2066 234 2116; x_wconf 83' lang='lat' dir='ltr'><strong><em>eires</em></strong></span> <span class='ocrx_word' id='word_1_140' title='bbox 246 2065 454 2117; x_wconf 83' lang='lat' dir='ltr'><strong><em>interfecissent:</em></strong></span> <span class='ocrx_word' id='word_1_141' title='bbox 472 2068 510 2117; x_wconf 85' lang='lat' dir='ltr'><strong><em>sic</em></strong></span> <span class='ocrx_word' id='word_1_142' title='bbox 528 2067 637 2117; x_wconf 88' lang='lat' dir='ltr'><strong><em>mortuis</em></strong></span> <span class='ocrx_word' id='word_1_143' title='bbox 653 2067 697 2116; x_wconf 90' lang='lat' dir='ltr'><strong><em>ad·</em></strong></span> <span class='ocrx_word' id='word_1_144' title='bbox 736 2067 822 2119; x_wconf 84' lang='lat' dir='ltr'><strong><em>facta:</em></strong></span> <span class='ocrx_word' id='word_1_145' title='bbox 849 2085 901 2119; x_wconf 92' lang='lat' dir='ltr'><strong><em>nou</em></strong></span> <span class='ocrx_word' id='word_1_146' title='bbox 922 2065 1051 2135; x_wconf 81' lang='lat' dir='ltr'><strong><em>herculea,</em></strong></span> <span class='ocrx_word' id='word_1_147' title='bbox 1072 2086 1139 2121; x_wconf 85' lang='lat' dir='ltr'><strong><em>uon:</em></strong></span> <span class='ocrx_word' id='word_1_148' title='bbox 1171 2060 1272 2122; x_wconf 66' lang='lat' dir='ltr'><strong><em>sed&#39;at</em></strong></span> 
     </span>
     <span class='ocr_line' id='line_1_19' title="bbox 159 2140 1070 2210; baseline 0.005 -19"><span class='ocrx_word' id='word_1_149' title='bbox 159 2140 212 2191; x_wconf 83' lang='lat' dir='ltr'><strong><em>lruc</em></strong></span> <span class='ocrx_word' id='word_1_150' title='bbox 231 2142 382 2204; x_wconf 81' lang='lat' dir='ltr'><strong><em>illudebant,</em></strong></span> <span class='ocrx_word' id='word_1_151' title='bbox 398 2142 635 2207; x_wconf 73' lang='lat' dir='ltr'><strong><em>conscientiamque</em></strong></span> <span class='ocrx_word' id='word_1_152' title='bbox 654 2158 697 2206; x_wconf 78' lang='lat' dir='ltr'><strong><em>ge·</em></strong></span> <span class='ocrx_word' id='word_1_153' title='bbox 736 2159 796 2193; x_wconf 89' lang='lat' dir='ltr'><strong><em>cum</em></strong></span> <span class='ocrx_word' id='word_1_154' title='bbox 807 2146 904 2209; x_wconf 88' lang='lat' dir='ltr'><strong><em>populo</em></strong></span> <span class='ocrx_word' id='word_1_155' title='bbox 916 2155 1070 2210; x_wconf 88' lang='lat' dir='ltr'><strong><em>permutata.</em></strong></span> 
     </span>
     <span class='ocr_line' id='line_1_20' title="bbox 161 2217 1271 2287; baseline 0.007 -22"><span class='ocrx_word' id='word_1_156' title='bbox 161 2218 232 2271; x_wconf 85' lang='lat' dir='ltr'><strong><em>neris</em></strong></span> <span class='ocrx_word' id='word_1_157' title='bbox 253 2217 366 2283; x_wconf 83' lang='lat' dir='ltr'><strong><em>humaui,</em></strong></span> <span class='ocrx_word' id='word_1_158' title='bbox 377 2225 405 2267; x_wconf 87' lang='lat' dir='ltr'><strong><em>et</em></strong></span> <span class='ocrx_word' id='word_1_159' title='bbox 422 2218 496 2282; x_wconf 74' lang='lat' dir='ltr'><strong><em>leges</em></strong></span> <span class='ocrx_word' id='word_1_160' title='bbox 516 2221 587 2282; x_wconf 88' lang='lat' dir='ltr'><strong><em>ipsas</em></strong></span> <span class='ocrx_word' id='word_1_161' title='bbox 603 2225 695 2283; x_wconf 87' lang='lat' dir='ltr'><strong><em>aperte</em></strong></span> <span class='ocrx_word' id='word_1_162' title='bbox 707 2254 718 2273; x_wconf 80' lang='lat'><em>.</em></span> <span class='ocrx_word' id='word_1_163' title='bbox 770 2220 831 2269; x_wconf 86' lang='lat' dir='ltr'><strong><em>Hoc</em></strong></span> <span class='ocrx_word' id='word_1_164' title='bbox 843 2228 930 2277; x_wconf 85' lang='lat' dir='ltr'><strong><em>tamen</em></strong></span> <span class='ocrx_word' id='word_1_165' title='bbox 951 2223 1035 2287; x_wconf 89' lang='lat' dir='ltr'><strong><em>ipsum</em></strong></span> <span class='ocrx_word' id='word_1_166' title='bbox 1046 2234 1078 2272; x_wconf 83' lang='lat' dir='ltr'><strong><em>au</em></strong></span> <span class='ocrx_word' id='word_1_167' title='bbox 1090 2225 1171 2273; x_wconf 81' lang='lat' dir='ltr'><strong><em>vere?</em></strong></span> <span class='ocrx_word' id='word_1_168' title='bbox 1190 2224 1271 2275; x_wconf 83' lang='lat' dir='ltr'><strong><em>ambi·</em></strong></span> 
     </span>
     <span class='ocr_line' id='line_1_21' title="bbox 162 2293 1270 2365; baseline 0.006 -23"><span class='ocrx_word' id='word_1_169' title='bbox 162 2293 328 2345; x_wconf 86' lang='lat' dir='ltr'><strong><em>deridebant.</em></strong></span> <span class='ocrx_word' id='word_1_170' title='bbox 736 2312 781 2360; x_wconf 82' lang='lat' dir='ltr'><strong><em>gas</em></strong></span> <span class='ocrx_word' id='word_1_171' title='bbox 797 2296 873 2361; x_wconf 83' lang='lat' dir='ltr'><strong><em>jure:</em></strong></span> <span class='ocrx_word' id='word_1_172' title='bbox 892 2299 952 2365; x_wconf 86' lang='lat' dir='ltr'><strong><em>quia</em></strong></span> <span class='ocrx_word' id='word_1_173' title='bbox 970 2299 1064 2349; x_wconf 88' lang='lat' dir='ltr'><strong><em>Strabo</em></strong></span> <span class='ocrx_word' id='word_1_174' title='bbox 1084 2299 1151 2349; x_wconf 89' lang='lat' dir='ltr'><strong><em>libro</em></strong></span> <span class='ocrx_word' id='word_1_175' title='bbox 1168 2298 1270 2363; x_wconf 85' lang='lat' dir='ltr'><strong><em>ultimo,</em></strong></span> 
     </span>
    </p>

    <p class='ocr_par' dir='ltr' id='par_1_9' title="bbox 162 2368 1275 3041">
     <span class='ocr_line' id='line_1_22' title="bbox 194 2368 1271 2438; baseline 0.006 -20"><span class='ocrx_word' id='word_1_176' title='bbox 194 2375 208 2401; x_wconf 90' lang='lat'>¹</span> <span class='ocrx_word' id='word_1_177' title='bbox 226 2368 321 2419; x_wconf 82' lang='lat' dir='ltr'><strong><em>Omissa</em></strong></span> <span class='ocrx_word' id='word_1_178' title='bbox 347 2370 374 2420; x_wconf 83' lang='lat' dir='ltr'><strong><em>in</em></strong></span> <span class='ocrx_word' id='word_1_179' title='bbox 398 2385 502 2435; x_wconf 77' lang='lat' dir='ltr'><strong><em>prooem</em></strong></span> <span class='ocrx_word' id='word_1_180' title='bbox 528 2371 632 2438; x_wconf 77' lang='lat' dir='ltr'><strong><em>debota]</em></strong></span> <span class='ocrx_word' id='word_1_181' title='bbox 663 2373 696 2423; x_wconf 92' lang='lat' dir='ltr'><strong><em>In</em></strong></span> <span class='ocrx_word' id='word_1_182' title='bbox 736 2378 764 2421; x_wconf 89' lang='lat' dir='ltr'><strong><em>et</em></strong></span> <span class='ocrx_word' id='word_1_183' title='bbox 781 2372 831 2423; x_wconf 88' lang='lat' dir='ltr'><strong><em>Dio</em></strong></span> <span class='ocrx_word' id='word_1_184' title='bbox 849 2386 908 2423; x_wconf 78' lang='lat' dir='ltr'><strong><em>arur.</em></strong></span> <span class='ocrx_word' id='word_1_185' title='bbox 931 2373 1076 2426; x_wconf 82' lang='lat' dir='ltr'><strong><em>Sardiniam</em></strong></span> <span class='ocrx_word' id='word_1_186' title='bbox 1095 2374 1151 2437; x_wconf 87' lang='lat' dir='ltr'><strong><em>jam</em></strong></span> <span class='ocrx_word' id='word_1_187' title='bbox 1171 2374 1232 2423; x_wconf 84' lang='lat' dir='ltr'><strong><em>inde</em></strong></span> <span class='ocrx_word' id='word_1_188' title='bbox 1255 2390 1271 2425; x_wconf 85' lang='lat' dir='ltr'><strong><em>a</em></strong></span> 
     </span>
     <span class='ocr_line' id='line_1_23' title="bbox 162 2447 1273 2515; baseline 0.005 -21"><span class='ocrx_word' id='word_1_189' title='bbox 162 2458 241 2515; x_wconf 87' lang='lat' dir='ltr'><strong><em>quam</em></strong></span> <span class='ocrx_word' id='word_1_190' title='bbox 252 2447 376 2497; x_wconf 86' lang='lat' dir='ltr'><strong><em>cantandi</em></strong></span> <span class='ocrx_word' id='word_1_191' title='bbox 385 2448 528 2512; x_wconf 79' lang='lat' dir='ltr'><strong><em>conscivit,</em></strong></span> <span class='ocrx_word' id='word_1_192' title='bbox 536 2455 564 2499; x_wconf 88' lang='lat' dir='ltr'><strong><em>et</em></strong></span> <span class='ocrx_word' id='word_1_193' title='bbox 573 2451 696 2501; x_wconf 88' lang='lat' dir='ltr'><strong><em>libertate</em></strong></span> <span class='ocrx_word' id='word_1_194' title='bbox 737 2450 822 2512; x_wconf 86' lang='lat' dir='ltr'><strong><em>prima</em></strong></span> <span class='ocrx_word' id='word_1_195' title='bbox 848 2450 975 2500; x_wconf 88' lang='lat' dir='ltr'><strong><em>divisione</em></strong></span> <span class='ocrx_word' id='word_1_196' title='bbox 998 2448 1119 2514; x_wconf 77' lang='lat' dir='ltr'><strong><em>Augusti,</em></strong></span> <span class='ocrx_word' id='word_1_197' title='bbox 1144 2451 1273 2500; x_wconf 86' lang='lat' dir='ltr'><strong><em>collocant</em></strong></span> 
     </span>
     <span class='ocr_line' id='line_1_24' title="bbox 163 2523 1270 2590; baseline 0.004 -18"><span class='ocrx_word' id='word_1_198' title='bbox 163 2537 220 2572; x_wconf 80' lang='lat' dir='ltr'><strong><em>sam</em></strong></span> <span class='ocrx_word' id='word_1_199' title='bbox 243 2523 360 2587; x_wconf 88' lang='lat' dir='ltr'><strong><em>donavit,</em></strong></span> <span class='ocrx_word' id='word_1_200' title='bbox 380 2524 419 2574; x_wconf 89' lang='lat' dir='ltr'><strong><em>uti</em></strong></span> <span class='ocrx_word' id='word_1_201' title='bbox 442 2525 580 2575; x_wconf 84' lang='lat' dir='ltr'><strong><em>Suetonius</em></strong></span> <span class='ocrx_word' id='word_1_202' title='bbox 600 2526 696 2590; x_wconf 89' lang='lat' dir='ltr'><strong><em>aliique</em></strong></span> <span class='ocrx_word' id='word_1_203' title='bbox 736 2523 971 2589; x_wconf 86' lang='lat' dir='ltr'><strong><em>interpopulares.</em></strong></span> <span class='ocrx_word' id='word_1_204' title='bbox 1004 2523 1123 2576; x_wconf 84' lang='lat' dir='ltr'><strong><em>Quodsi</em></strong></span> <span class='ocrx_word' id='word_1_205' title='bbox 1144 2530 1270 2576; x_wconf 75' lang='lat' dir='ltr'><strong><em>inritatam</em></strong></span> 
     </span>
     <span class='ocr_line' id='line_1_25' title="bbox 163 2591 1271 2664; baseline 0.003 -16"><span class='ocrx_word' id='word_1_206' title='bbox 163 2591 305 2649; x_wconf 85' lang='lat' dir='ltr'><strong><em>tradidere.</em></strong></span> <span class='ocrx_word' id='word_1_207' title='bbox 339 2599 408 2648; x_wconf 89' lang='lat' dir='ltr'><strong><em>lllad</em></strong></span> <span class='ocrx_word' id='word_1_208' title='bbox 431 2599 568 2648; x_wconf 82' lang='lat' dir='ltr'><strong><em>Pausaniae</em></strong></span> <span class='ocrx_word' id='word_1_209' title='bbox 593 2601 697 2663; x_wconf 89' lang='lat' dir='ltr'><strong><em>mirum,</em></strong></span> <span class='ocrx_word' id='word_1_210' title='bbox 736 2599 855 2650; x_wconf 80' lang='lat' dir='ltr'><strong><em>auredus</em></strong></span> <span class='ocrx_word' id='word_1_211' title='bbox 865 2599 1045 2664; x_wconf 77' lang='lat' dir='ltr'><strong><em>principibus</em></strong></span> <span class='ocrx_word' id='word_1_212' title='bbox 1058 2599 1170 2650; x_wconf 78' lang='lat' dir='ltr'><strong><em>Diouem</em></strong></span> <span class='ocrx_word' id='word_1_213' title='bbox 1178 2599 1205 2648; x_wconf 89' lang='lat' dir='ltr'><strong><em>rd</em></strong></span> <span class='ocrx_word' id='word_1_214' title='bbox 1218 2615 1271 2651; x_wconf 90' lang='lat' dir='ltr'><strong><em>nou</em></strong></span> 
     </span>
     <span class='ocr_line' id='line_1_26' title="bbox 162 2674 1262 2740; baseline 0.001 -17"><span class='ocrx_word' id='word_1_215' title='bbox 162 2674 248 2724; x_wconf 76' lang='lat' dir='ltr'><strong><em>ivn.</em></strong></span> <span class='ocrx_word' id='word_1_216' title='bbox 258 2675 408 2724; x_wconf 86' lang='lat' dir='ltr'><strong><em>‘Neronem</em></strong></span> <span class='ocrx_word' id='word_1_217' title='bbox 426 2674 538 2725; x_wconf 76' lang='lat' dir='ltr'><strong><em>Graecrae</em></strong></span> <span class='ocrx_word' id='word_1_218' title='bbox 549 2675 697 2725; x_wconf 77' lang='lat' dir='ltr'><strong><em>libertatem</em></strong></span> <span class='ocrx_word' id='word_1_219' title='bbox 736 2690 874 2740; x_wconf 76' lang='lat' dir='ltr'><strong><em>monuisse,</em></strong></span> <span class='ocrx_word' id='word_1_220' title='bbox 885 2674 1003 2740; x_wconf 81' lang='lat' dir='ltr'><strong><em>profecto</em></strong></span> <span class='ocrx_word' id='word_1_221' title='bbox 1013 2689 1105 2726; x_wconf 82' lang='lat' dir='ltr'><strong><em>marum</em></strong></span> <span class='ocrx_word' id='word_1_222' title='bbox 1117 2681 1166 2725; x_wconf 90' lang='lat' dir='ltr'><strong><em>ert</em></strong></span> <span class='ocrx_word' id='word_1_223' title='bbox 1193 2675 1262 2740; x_wconf 82' lang='lat' dir='ltr'><strong><em>laps.</em></strong></span> 
     </span>
     <span class='ocr_line' id='line_1_27' title="bbox 163 2733 1272 2815; baseline 0 -15"><span class='ocrx_word' id='word_1_224' title='bbox 163 2733 320 2814; x_wconf 81' lang='lat' dir='ltr'><strong><em>reddidisse,</em></strong></span> <span class='ocrx_word' id='word_1_225' title='bbox 337 2751 393 2800; x_wconf 87' lang='lat' dir='ltr'><strong><em>siue</em></strong></span> <span class='ocrx_word' id='word_1_226' title='bbox 412 2751 499 2801; x_wconf 90' lang='lat' dir='ltr'><strong><em>ullo</em></strong></span> <span class='ocrx_word' id='word_1_227' title='bbox 492 2752 593 2815; x_wconf 76' lang='lat' dir='ltr'><strong><em>imperii</em></strong></span> <span class='ocrx_word' id='word_1_228' title='bbox 617 2751 697 2801; x_wconf 86' lang='lat' dir='ltr'><strong><em>detri-</em></strong></span> <span class='ocrx_word' id='word_1_229' title='bbox 770 2749 933 2800; x_wconf 68' lang='lat' dir='ltr'><strong><em>imminuas</em></strong></span> <span class='ocrx_word' id='word_1_230' title='bbox 944 2749 1145 2814; x_wconf 81' lang='lat' dir='ltr'><strong><em>Orientis]Suet.</em></strong></span> <span class='ocrx_word' id='word_1_231' title='bbox 1155 2750 1220 2802; x_wconf 91' lang='lat' dir='ltr'><strong><em>Ner.</em></strong></span> <span class='ocrx_word' id='word_1_232' title='bbox 1229 2755 1272 2802; x_wconf 82' lang='lat' dir='ltr'><strong><em>ro.</em></strong></span> 
     </span>
     <span class='ocr_line' id='line_1_28' title="bbox 162 2824 1273 2892; baseline 0 -16"><span class='ocrx_word' id='word_1_233' title='bbox 162 2833 267 2876; x_wconf 88' lang='lat' dir='ltr'><strong><em>mento:</em></strong></span> <span class='ocrx_word' id='word_1_234' title='bbox 293 2828 415 2892; x_wconf 90' lang='lat' dir='ltr'><strong><em>quoniam</em></strong></span> <span class='ocrx_word' id='word_1_235' title='bbox 435 2841 483 2892; x_wconf 88' lang='lat' dir='ltr'><strong><em>pro</em></strong></span> <span class='ocrx_word' id='word_1_236' title='bbox 503 2842 534 2876; x_wconf 85' lang='lat' dir='ltr'><strong><em>ea</em></strong></span> <span class='ocrx_word' id='word_1_237' title='bbox 553 2827 697 2876; x_wconf 81' lang='lat' dir='ltr'><strong><em>Sardiniam</em></strong></span> <span class='ocrx_word' id='word_1_238' title='bbox 737 2824 962 2890; x_wconf 88' lang='lat' dir='ltr'><strong><em>‘Spoponderant</em></strong></span> <span class='ocrx_word' id='word_1_239' title='bbox 978 2831 1065 2875; x_wconf 89' lang='lat' dir='ltr'><strong><em>tamen</em></strong></span> <span class='ocrx_word' id='word_1_240' title='bbox 1077 2825 1182 2890; x_wconf 88' lang='lat' dir='ltr'><strong><em>quidam</em></strong></span> <span class='ocrx_word' id='word_1_241' title='bbox 1193 2826 1273 2877; x_wconf 87' lang='lat' dir='ltr'><strong><em>desti·</em></strong></span> 
     </span>
     <span class='ocr_line' id='line_1_29' title="bbox 162 2901 1273 2967; baseline -0.001 -16"><span class='ocrx_word' id='word_1_242' title='bbox 162 2903 329 2967; x_wconf 72' lang='lat' dir='ltr'><strong><em>predivitem</em></strong></span> <span class='ocrx_word' id='word_1_243' title='bbox 341 2902 465 2953; x_wconf 89' lang='lat' dir='ltr'><strong><em>insulam</em></strong></span> <span class='ocrx_word' id='word_1_244' title='bbox 458 2917 484 2952; x_wconf 90' lang='grc' dir='ltr'><strong><em>ιιι</em></strong></span> <span class='ocrx_word' id='word_1_245' title='bbox 494 2903 636 2966; x_wconf 73' lang='lat' dir='ltr'><strong><em>provincie</em></strong></span> <span class='ocrx_word' id='word_1_246' title='bbox 644 2902 696 2955; x_wconf 84' lang='lat' dir='ltr'><strong><em>for·</em></strong></span> <span class='ocrx_word' id='word_1_247' title='bbox 737 2908 796 2951; x_wconf 90' lang='lat' dir='ltr'><strong><em>tuto</em></strong></span> <span class='ocrx_word' id='word_1_248' title='bbox 807 2901 913 2951; x_wconf 87' lang='lat' dir='ltr'><strong><em>orientis</em></strong></span> <span class='ocrx_word' id='word_1_249' title='bbox 935 2901 1140 2964; x_wconf 86' lang='lat' dir='ltr'><strong><em>dominationem,</em></strong></span> <span class='ocrx_word' id='word_1_250' title='bbox 1156 2901 1273 2962; x_wconf 77' lang='lat' dir='ltr'><strong><em>nonnulli</em></strong></span> 
     </span>
     <span class='ocr_line' id='line_1_30' title="bbox 163 2975 1275 3041; baseline -0.002 -15"><span class='ocrx_word' id='word_1_251' title='bbox 163 2991 233 3026; x_wconf 88' lang='lat' dir='ltr'><strong><em>maru</em></strong></span> <span class='ocrx_word' id='word_1_252' title='bbox 245 2977 394 3041; x_wconf 77' lang='lat' dir='ltr'><strong><em>redegerit’</em></strong></span> <span class='ocrx_word' id='word_1_253' title='bbox 737 2977 889 3027; x_wconf 87' lang='lat' dir='ltr'><strong><em>nominatim</em></strong></span> <span class='ocrx_word' id='word_1_254' title='bbox 901 2990 1010 3040; x_wconf 75' lang='lat' dir='ltr'><strong><em>regnum</em></strong></span> <span class='ocrx_word' id='word_1_255' title='bbox 1025 2975 1275 3038; x_wconf 79' lang='lat' dir='ltr'><strong><em>Hierosolymorum,</em></strong></span> 
     </span>
    </p>

    <p class='ocr_par' dir='ltr' id='par_1_10' title="bbox 164 3052 1275 3422">
     <span class='ocr_line' id='line_1_31' title="bbox 197 3052 1274 3120; baseline 0 -18"><span class='ocrx_word' id='word_1_256' title='bbox 197 3052 332 3114; x_wconf 79' lang='lat' dir='ltr'><strong><em>Aberret3</em></strong></span> <span class='ocrx_word' id='word_1_257' title='bbox 350 3061 378 3102; x_wconf 91' lang='lat' dir='ltr'><strong><em>et</em></strong></span> <span class='ocrx_word' id='word_1_258' title='bbox 396 3053 507 3118; x_wconf 74' lang='lat' dir='ltr'><strong><em>intelligi</em></strong></span> <span class='ocrx_word' id='word_1_259' title='bbox 519 3054 600 3104; x_wconf 87' lang='lat' dir='ltr'><strong><em>voluit</em></strong></span> <span class='ocrx_word' id='word_1_260' title='bbox 616 3053 699 3119; x_wconf 84' lang='lat' dir='ltr'><strong><em>Alpes</em></strong></span> <span class='ocrx_word' id='word_1_261' title='bbox 739 3057 827 3120; x_wconf 84' lang='lat' dir='ltr'><strong><em>plures</em></strong></span> <span class='ocrx_word' id='word_1_262' title='bbox 846 3055 927 3104; x_wconf 90' lang='lat' dir='ltr'><strong><em>omnis</em></strong></span> <span class='ocrx_word' id='word_1_263' title='bbox 940 3053 1057 3117; x_wconf 77' lang='lat' dir='ltr'><strong><em>pristinae</em></strong></span> <span class='ocrx_word' id='word_1_264' title='bbox 1069 3052 1180 3102; x_wconf 75' lang='lat' dir='ltr'><strong><em>fortuna</em></strong></span> <span class='ocrx_word' id='word_1_265' title='bbox 1191 3053 1274 3110; x_wconf 58' lang='lat' dir='ltr'><strong><em>domi,</em></strong></span> 
     </span>
     <span class='ocr_line' id='line_1_32' title="bbox 165 3127 888 3193; baseline 0 -15"><span class='ocrx_word' id='word_1_266' title='bbox 165 3127 315 3191; x_wconf 82' lang='lat' dir='ltr'><strong><em>Coctienas,</em></strong></span> <span class='ocrx_word' id='word_1_267' title='bbox 330 3143 388 3193; x_wconf 83' lang='lat' dir='ltr'><strong><em>quae</em></strong></span> <span class='ocrx_word' id='word_1_268' title='bbox 401 3132 461 3180; x_wconf 78' lang='lat' dir='ltr'><strong><em>sole</em></strong></span> <span class='ocrx_word' id='word_1_269' title='bbox 473 3144 531 3179; x_wconf 89' lang='lat' dir='ltr'><strong><em>oum</em></strong></span> <span class='ocrx_word' id='word_1_270' title='bbox 542 3131 628 3180; x_wconf 87' lang='lat' dir='ltr'><strong><em>Ponto</em></strong></span> <span class='ocrx_word' id='word_1_271' title='bbox 648 3133 699 3181; x_wconf 88' lang='lat' dir='ltr'><strong><em>Po·</em></strong></span> <span class='ocrx_word' id='word_1_272' title='bbox 738 3129 888 3180; x_wconf 68' lang='lat' dir='ltr'><strong><em>nationem?</em></strong></span> 
     </span>
     <span class='ocr_line' id='line_1_33' title="bbox 164 3202 1274 3270; baseline 0 -18"><span class='ocrx_word' id='word_1_273' title='bbox 164 3203 320 3267; x_wconf 85' lang='lat' dir='ltr'><strong><em>lemoniaeo,</em></strong></span> <span class='ocrx_word' id='word_1_274' title='bbox 337 3206 364 3254; x_wconf 89' lang='lat' dir='ltr'><strong><em>in</em></strong></span> <span class='ocrx_word' id='word_1_275' title='bbox 384 3207 544 3269; x_wconf 81' lang='lat' dir='ltr'><strong><em>provinciam</em></strong></span> <span class='ocrx_word' id='word_1_276' title='bbox 561 3221 577 3256; x_wconf 88' lang='lat' dir='ltr'><strong><em>a</em></strong></span> <span class='ocrx_word' id='word_1_277' title='bbox 591 3208 698 3258; x_wconf 88' lang='lat' dir='ltr'><strong><em>Nerone</em></strong></span> <span class='ocrx_word' id='word_1_278' title='bbox 772 3205 837 3256; x_wconf 92' lang='lat' dir='ltr'><strong><em>Ideo</em></strong></span> <span class='ocrx_word' id='word_1_279' title='bbox 850 3205 954 3255; x_wconf 85' lang='lat' dir='ltr'><strong><em>occulta</em></strong></span> <span class='ocrx_word' id='word_1_280' title='bbox 966 3217 1021 3270; x_wconf 89' lang='lat' dir='ltr'><strong><em>spe,</em></strong></span> <span class='ocrx_word' id='word_1_281' title='bbox 1034 3217 1080 3253; x_wconf 89' lang='lat' dir='ltr'><strong><em>seu</em></strong></span> <span class='ocrx_word' id='word_1_282' title='bbox 1093 3203 1201 3252; x_wconf 87' lang='lat' dir='ltr'><strong><em>secretis</em></strong></span> <span class='ocrx_word' id='word_1_283' title='bbox 1212 3202 1274 3255; x_wconf 88' lang='lat' dir='ltr'><strong><em>ima·</em></strong></span> 
     </span>
     <span class='ocr_line' id='line_1_34' title="bbox 165 3278 1275 3348; baseline -0.001 -20"><span class='ocrx_word' id='word_1_284' title='bbox 165 3279 291 3331; x_wconf 76' lang='lat' dir='ltr'><strong><em>redactae.</em></strong></span> <span class='ocrx_word' id='word_1_285' title='bbox 323 3281 442 3331; x_wconf 83' lang='lat' dir='ltr'><strong><em>Sardinia</em></strong></span> <span class='ocrx_word' id='word_1_286' title='bbox 452 3282 569 3348; x_wconf 85' lang='lat' dir='ltr'><strong><em>quidem,</em></strong></span> <span class='ocrx_word' id='word_1_287' title='bbox 578 3297 630 3333; x_wconf 87' lang='lat' dir='ltr'><strong><em>uno</em></strong></span> <span class='ocrx_word' id='word_1_288' title='bbox 640 3298 699 3334; x_wconf 89' lang='lat' dir='ltr'><strong><em>cum</em></strong></span> <span class='ocrx_word' id='word_1_289' title='bbox 739 3283 912 3348; x_wconf 82' lang='lat' dir='ltr'><strong><em>ginationibus</em></strong></span> <span class='ocrx_word' id='word_1_290' title='bbox 924 3283 1052 3344; x_wconf 84' lang='lat' dir='ltr'><strong><em>occuparo</em></strong></span> <span class='ocrx_word' id='word_1_291' title='bbox 1061 3285 1089 3330; x_wconf 86' lang='lat' dir='ltr'><strong><em>et</em></strong></span> <span class='ocrx_word' id='word_1_292' title='bbox 1101 3278 1150 3328; x_wconf 91' lang='lat' dir='ltr'><strong><em>sibi</em></strong></span> <span class='ocrx_word' id='word_1_293' title='bbox 1163 3278 1275 3328; x_wconf 87' lang='lat' dir='ltr'><strong><em>obstrin-</em></strong></span> 
     </span>
     <span class='ocr_line' id='line_1_35' title="bbox 164 3353 1274 3422; baseline -0.003 -16"><span class='ocrx_word' id='word_1_294' title='bbox 164 3356 264 3420; x_wconf 85' lang='lat' dir='ltr'><strong><em>Sicilia,</em></strong></span> <span class='ocrx_word' id='word_1_295' title='bbox 276 3356 361 3422; x_wconf 85' lang='lat' dir='ltr'><strong><em>prima</em></strong></span> <span class='ocrx_word' id='word_1_296' title='bbox 373 3358 573 3421; x_wconf 84' lang='lat' dir='ltr'><strong><em>provinciarum.</em></strong></span> <span class='ocrx_word' id='word_1_297' title='bbox 741 3373 804 3422; x_wconf 79' lang='lat' dir='ltr'><strong><em>gere</em></strong></span> <span class='ocrx_word' id='word_1_298' title='bbox 824 3358 890 3408; x_wconf 85' lang='lat' dir='ltr'><strong><em>tales</em></strong></span> <span class='ocrx_word' id='word_1_299' title='bbox 911 3356 1059 3422; x_wconf 85' lang='lat' dir='ltr'><strong><em>provincias</em></strong></span> <span class='ocrx_word' id='word_1_300' title='bbox 1081 3353 1211 3419; x_wconf 84' lang='lat' dir='ltr'><strong><em>studebat,</em></strong></span> <span class='ocrx_word' id='word_1_301' title='bbox 1226 3369 1274 3419; x_wconf 89' lang='lat' dir='ltr'><strong><em>per</em></strong></span> 
     </span>
    </p>

    <p class='ocr_par' dir='ltr' id='par_1_11' title="bbox 165 3430 1279 4333">
     <span class='ocr_line' id='line_1_36' title="bbox 198 3430 1275 3502; baseline -0.001 -20"><span class='ocrx_word' id='word_1_302' title='bbox 198 3434 343 3498; x_wconf 82' lang='lat' dir='ltr'><strong><em>interpreti</em></strong></span> <span class='ocrx_word' id='word_1_303' title='bbox 361 3435 478 3486; x_wconf 85' lang='lat' dir='ltr'><strong><em>hercules</em></strong></span> <span class='ocrx_word' id='word_1_304' title='bbox 496 3449 647 3501; x_wconf 87' lang='lat' dir='ltr'><strong><em>succenseo,</em></strong></span> <span class='ocrx_word' id='word_1_305' title='bbox 660 3437 700 3502; x_wconf 91' lang='lat' dir='ltr'><strong><em>(et</em></strong></span> <span class='ocrx_word' id='word_1_306' title='bbox 742 3433 877 3485; x_wconf 82' lang='lat' dir='ltr'><strong><em>Chaldaeos</em></strong></span> <span class='ocrx_word' id='word_1_307' title='bbox 886 3438 914 3482; x_wconf 87' lang='lat' dir='ltr'><strong><em>et</em></strong></span> <span class='ocrx_word' id='word_1_308' title='bbox 926 3431 1130 3482; x_wconf 77' lang='lat' dir='ltr'><strong><em>Mathematicus</em></strong></span> <span class='ocrx_word' id='word_1_309' title='bbox 1142 3430 1275 3481; x_wconf 87' lang='lat' dir='ltr'><strong><em>incitatus.</em></strong></span> 
     </span>
     <span class='ocr_line' id='line_1_37' title="bbox 166 3505 1274 3576; baseline -0.002 -18"><span class='ocrx_word' id='word_1_310' title='bbox 166 3509 189 3558; x_wconf 88' lang='lat' dir='ltr'><strong><em>si</em></strong></span> <span class='ocrx_word' id='word_1_311' title='bbox 199 3507 253 3559; x_wconf 84' lang='lat' dir='ltr'><strong><em>fido</em></strong></span> <span class='ocrx_word' id='word_1_312' title='bbox 263 3511 328 3559; x_wconf 86' lang='lat' dir='ltr'><strong><em>alias</em></strong></span> <span class='ocrx_word' id='word_1_313' title='bbox 341 3516 369 3560; x_wconf 90' lang='lat' dir='ltr'><strong><em>et</em></strong></span> <span class='ocrx_word' id='word_1_314' title='bbox 386 3511 476 3576; x_wconf 83' lang='lat' dir='ltr'><strong><em>docto,</em></strong></span> <span class='ocrx_word' id='word_1_315' title='bbox 486 3512 611 3561; x_wconf 85' lang='lat' dir='ltr'><strong><em>Romulus</em></strong></span> <span class='ocrx_word' id='word_1_316' title='bbox 622 3511 701 3562; x_wconf 84' lang='lat' dir='ltr'><strong><em>Ama·</em></strong></span> <span class='ocrx_word' id='word_1_317' title='bbox 774 3513 809 3561; x_wconf 90' lang='lat' dir='ltr'><strong><em>Et</em></strong></span> <span class='ocrx_word' id='word_1_318' title='bbox 820 3516 894 3561; x_wconf 90' lang='lat' dir='ltr'><strong><em>certe</em></strong></span> <span class='ocrx_word' id='word_1_319' title='bbox 905 3508 997 3558; x_wconf 86' lang='lat' dir='ltr'><strong><em>Parthi</em></strong></span> <span class='ocrx_word' id='word_1_320' title='bbox 1009 3522 1069 3558; x_wconf 88' lang='lat' dir='ltr'><strong><em>cum</em></strong></span> <span class='ocrx_word' id='word_1_321' title='bbox 1081 3507 1202 3571; x_wconf 88' lang='lat' dir='ltr'><strong><em>Oriente,</em></strong></span> <span class='ocrx_word' id='word_1_322' title='bbox 1214 3505 1274 3571; x_wconf 88' lang='lat' dir='ltr'><strong><em>past</em></strong></span> 
     </span>
     <span class='ocr_line' id='line_1_38' title="bbox 166 3582 1276 3651; baseline 0.002 -19"><span class='ocrx_word' id='word_1_323' title='bbox 166 3597 233 3633; x_wconf 76' lang='lat' dir='ltr'><strong><em>sarus</em></strong></span> <span class='ocrx_word' id='word_1_324' title='bbox 244 3582 298 3650; x_wconf 86' lang='lat' dir='ltr'><strong><em>est)</em></strong></span> <span class='ocrx_word' id='word_1_325' title='bbox 316 3585 361 3649; x_wconf 91' lang='lat' dir='ltr'><strong><em>qui</em></strong></span> <span class='ocrx_word' id='word_1_326' title='bbox 381 3600 422 3636; x_wconf 91' lang='lat' dir='ltr'><strong><em>me</em></strong></span> <span class='ocrx_word' id='word_1_327' title='bbox 440 3593 470 3637; x_wconf 88' lang='lat' dir='ltr'><strong><em>ot</em></strong></span> <span class='ocrx_word' id='word_1_328' title='bbox 491 3587 586 3651; x_wconf 89' lang='lat' dir='ltr'><strong><em>injuste</em></strong></span> <span class='ocrx_word' id='word_1_329' title='bbox 602 3589 701 3638; x_wconf 86' lang='lat' dir='ltr'><strong><em>Pausa·</em></strong></span> <span class='ocrx_word' id='word_1_330' title='bbox 741 3588 886 3638; x_wconf 87' lang='lat' dir='ltr'><strong><em>Tiridatem</em></strong></span> <span class='ocrx_word' id='word_1_331' title='bbox 904 3585 1038 3636; x_wconf 75' lang='lat' dir='ltr'><strong><em>Armeniae</em></strong></span> <span class='ocrx_word' id='word_1_332' title='bbox 1058 3585 1217 3650; x_wconf 75' lang='lat' dir='ltr'><strong><em>impositum,</em></strong></span> <span class='ocrx_word' id='word_1_333' title='bbox 1227 3585 1276 3648; x_wconf 87' lang='lat' dir='ltr'><strong><em>ipsi</em></strong></span> 
     </span>
     <span class='ocr_line' id='line_1_39' title="bbox 165 3659 1276 3728; baseline 0.001 -21"><span class='ocrx_word' id='word_1_334' title='bbox 165 3659 235 3709; x_wconf 90' lang='lat' dir='ltr'><strong><em>niam</em></strong></span> <span class='ocrx_word' id='word_1_335' title='bbox 257 3675 404 3724; x_wconf 74' lang='lat' dir='ltr'><strong><em>arguerem,</em></strong></span> <span class='ocrx_word' id='word_1_336' title='bbox 423 3660 498 3713; x_wconf 84' lang='lat' dir='ltr'><strong><em>fecit.</em></strong></span> <span class='ocrx_word' id='word_1_337' title='bbox 532 3663 600 3713; x_wconf 89' lang='lat' dir='ltr'><strong><em>Nam</em></strong></span> <span class='ocrx_word' id='word_1_338' title='bbox 616 3663 701 3728; x_wconf 89' lang='lat' dir='ltr'><strong><em>ipsum</em></strong></span> <span class='ocrx_word' id='word_1_339' title='bbox 741 3664 845 3714; x_wconf 89' lang='lat' dir='ltr'><strong><em>omnino</em></strong></span> <span class='ocrx_word' id='word_1_340' title='bbox 862 3662 1107 3725; x_wconf 83' lang='lat' dir='ltr'><strong><em>favebant,etpost</em></strong></span> <span class='ocrx_word' id='word_1_341' title='bbox 1124 3660 1276 3710; x_wconf 84' lang='lat' dir='ltr'><strong><em>mortemil-</em></strong></span> 
     </span>
     <span class='ocr_line' id='line_1_40' title="bbox 167 3734 1276 3806; baseline -0.002 -20"><span class='ocrx_word' id='word_1_342' title='bbox 167 3735 264 3786; x_wconf 76' lang='lat' dir='ltr'><strong><em>Graece</em></strong></span> <span class='ocrx_word' id='word_1_343' title='bbox 275 3752 360 3801; x_wconf 88' lang='lat' dir='ltr'><strong><em>nuper</em></strong></span> <span class='ocrx_word' id='word_1_344' title='bbox 371 3738 470 3788; x_wconf 86' lang='lat' dir='ltr'><strong><em>editum</em></strong></span> <span class='ocrx_word' id='word_1_345' title='bbox 481 3754 539 3788; x_wconf 89' lang='lat' dir='ltr'><strong><em>cum</em></strong></span> <span class='ocrx_word' id='word_1_346' title='bbox 551 3740 603 3789; x_wconf 84' lang='lat' dir='ltr'><strong><em>ridi</em></strong></span> <span class='ocrx_word' id='word_1_347' title='bbox 611 3740 703 3806; x_wconf 90' lang='lat' dir='ltr'><strong><em>(antea</em></strong></span> <span class='ocrx_word' id='word_1_348' title='bbox 741 3739 802 3804; x_wconf 87' lang='lat' dir='ltr'><strong><em>lius,</em></strong></span> <span class='ocrx_word' id='word_1_349' title='bbox 828 3739 908 3789; x_wconf 87' lang='lat' dir='ltr'><strong><em>etiam</em></strong></span> <span class='ocrx_word' id='word_1_350' title='bbox 938 3736 1069 3802; x_wconf 86' lang='lat' dir='ltr'><strong><em>juvabant</em></strong></span> <span class='ocrx_word' id='word_1_351' title='bbox 1099 3734 1276 3800; x_wconf 83' lang='lat' dir='ltr'><strong><em>fovebantque</em></strong></span> 
     </span>
     <span class='ocr_line' id='line_1_41' title="bbox 166 3813 1000 3881; baseline 0.002 -20"><span class='ocrx_word' id='word_1_352' title='bbox 166 3826 300 3878; x_wconf 87' lang='lat' dir='ltr'><strong><em>nunquam</em></strong></span> <span class='ocrx_word' id='word_1_353' title='bbox 319 3813 369 3864; x_wconf 82' lang='lat' dir='ltr'><strong><em>tuit</em></strong></span> <span class='ocrx_word' id='word_1_354' title='bbox 387 3814 475 3881; x_wconf 87' lang='lat' dir='ltr'><strong><em>copia)</em></strong></span> <span class='ocrx_word' id='word_1_355' title='bbox 498 3815 579 3865; x_wconf 85' lang='lat' dir='ltr'><strong><em>verba</em></strong></span> <span class='ocrx_word' id='word_1_356' title='bbox 598 3817 653 3881; x_wconf 87' lang='lat' dir='ltr'><strong><em>ejus</em></strong></span> <span class='ocrx_word' id='word_1_357' title='bbox 674 3817 702 3865; x_wconf 92' lang='lat' dir='ltr'><strong><em>iu</em></strong></span> <span class='ocrx_word' id='word_1_358' title='bbox 742 3815 1000 3865; x_wconf 86' lang='lat' dir='ltr'><strong><em>Pseudo-Neronem.</em></strong></span> 
     </span>
     <span class='ocr_line' id='line_1_42' title="bbox 167 3888 1087 3956; baseline 0 -19"><span class='ocrx_word' id='word_1_359' title='bbox 167 3888 246 3937; x_wconf 78' lang='lat' dir='ltr'><strong><em>adam</em></strong></span> <span class='ocrx_word' id='word_1_360' title='bbox 260 3889 428 3952; x_wconf 87' lang='lat' dir='ltr'><strong><em>seutentiam,</em></strong></span> <span class='ocrx_word' id='word_1_361' title='bbox 444 3892 501 3941; x_wconf 76' lang='lat' dir='ltr'><strong><em>beo</em></strong></span> <span class='ocrx_word' id='word_1_362' title='bbox 521 3893 622 3956; x_wconf 84' lang='lat' dir='ltr'><strong><em>reperi:</em></strong></span> <span class='ocrx_word' id='word_1_363' title='bbox 645 3894 702 3942; x_wconf 85' lang='lat' dir='ltr'><strong><em>Om·</em></strong></span> <span class='ocrx_word' id='word_1_364' title='bbox 777 3889 898 3953; x_wconf 77' lang='lat' dir='ltr'><strong><em>Orientis]</em></strong></span> <span class='ocrx_word' id='word_1_365' title='bbox 915 3888 973 3940; x_wconf 88' lang='lat' dir='ltr'><strong><em>Lib.</em></strong></span> <span class='ocrx_word' id='word_1_366' title='bbox 985 3902 1017 3938; x_wconf 90' lang='grc' dir='ltr'><strong><em>ιι.</em></strong></span> <span class='ocrx_word' id='word_1_367' title='bbox 1029 3903 1053 3938; x_wconf 88' lang='lat' dir='ltr'><strong><em>o.</em></strong></span> <span class='ocrx_word' id='word_1_368' title='bbox 1062 3893 1087 3941; x_wconf 85' lang='grc'><strong><em>9.</em></strong></span> 
     </span>
     <span class='ocr_line' id='line_1_43' title="bbox 167 3962 1278 4032; baseline -0.005 -17"><span class='ocrx_word' id='word_1_369' title='bbox 167 3963 232 4012; x_wconf 72' lang='lat' dir='ltr'><strong><em>sitris</em></strong></span> <span class='ocrx_word' id='word_1_370' title='bbox 240 3965 367 4014; x_wconf 76' lang='lat' dir='ltr'><strong><em>inmens</em></strong></span> <span class='ocrx_word' id='word_1_371' title='bbox 380 3971 404 4014; x_wconf 82' lang='lat' dir='ltr'><strong><em>et</em></strong></span> <span class='ocrx_word' id='word_1_372' title='bbox 415 3966 513 4016; x_wconf 80' lang='lat' dir='ltr'><strong><em>liberam</em></strong></span> <span class='ocrx_word' id='word_1_373' title='bbox 525 3967 591 4018; x_wconf 86' lang='lat' dir='ltr'><strong><em>Nero</em></strong></span> <span class='ocrx_word' id='word_1_374' title='bbox 606 3968 703 4032; x_wconf 68' lang='lat' dir='ltr'><strong><em>reliqsn</em></strong></span> <span class='ocrx_word' id='word_1_375' title='bbox 776 3975 786 4000; x_wconf 84' lang='lat'>¹</span> <span class='ocrx_word' id='word_1_376' title='bbox 804 3965 948 4032; x_wconf 74' lang='lat' dir='ltr'><strong><em>AEgyptarn]</em></strong></span> <span class='ocrx_word' id='word_1_377' title='bbox 973 3965 1044 4018; x_wconf 84' lang='lat' dir='ltr'><strong><em>Quia</em></strong></span> <span class='ocrx_word' id='word_1_378' title='bbox 1063 3962 1208 4027; x_wconf 77' lang='lat' dir='ltr'><strong><em>presertim</em></strong></span> <span class='ocrx_word' id='word_1_379' title='bbox 1224 3975 1278 4010; x_wconf 89' lang='lat' dir='ltr'><strong><em>mo·</em></strong></span> 
     </span>
     <span class='ocr_line' id='line_1_44' title="bbox 169 4038 1277 4107; baseline 0.001 -19"><span class='ocrx_word' id='word_1_380' title='bbox 169 4038 303 4102; x_wconf 64' lang='lat' dir='ltr'><strong><em>arenas,</em></strong></span> <span class='ocrx_word' id='word_1_381' title='bbox 327 4043 501 4104; x_wconf 79' lang='lat' dir='ltr'><strong><em>pomatatiose</em></strong></span> <span class='ocrx_word' id='word_1_382' title='bbox 527 4046 628 4107; x_wconf 61' lang='lat' dir='ltr'><strong><em>wana</em></strong></span> <span class='ocrx_word' id='word_1_383' title='bbox 651 4059 703 4093; x_wconf 76' lang='lat' dir='ltr'><strong><em>carn</em></strong></span> <span class='ocrx_word' id='word_1_384' title='bbox 744 4045 833 4094; x_wconf 86' lang='lat' dir='ltr'><strong><em>dolatu</em></strong></span> <span class='ocrx_word' id='word_1_385' title='bbox 865 4041 1099 4094; x_wconf 81' lang='lat' dir='ltr'><strong><em>Alexandrinorum</em></strong></span> <span class='ocrx_word' id='word_1_386' title='bbox 1126 4038 1277 4089; x_wconf 84' lang='lat' dir='ltr'><strong><em>adulatione</em></strong></span> 
     </span>
     <span class='ocr_line' id='line_1_45' title="bbox 166 4115 1279 4180; baseline -0.013 -1"><span class='ocrx_word' id='word_1_387' title='bbox 166 4117 457 4178; x_wconf 61' lang='lat' dir='ltr'><strong><em>Wfflmsmlo.</em></strong></span> <span class='ocrx_word' id='word_1_388' title='bbox 490 4119 627 4169; x_wconf 68' lang='lat' dir='ltr'><strong><em>&amp;miniano</em></strong></span> <span class='ocrx_word' id='word_1_389' title='bbox 641 4119 704 4168; x_wconf 81' lang='lat' dir='ltr'><strong><em>enirn</em></strong></span> <span class='ocrx_word' id='word_1_390' title='bbox 743 4121 869 4170; x_wconf 84' lang='lat' dir='ltr'><strong><em>delinitus</em></strong></span> <span class='ocrx_word' id='word_1_391' title='bbox 880 4118 976 4169; x_wconf 84' lang='lat' dir='ltr'><strong><em>fuerat.</em></strong></span> <span class='ocrx_word' id='word_1_392' title='bbox 987 4119 1060 4167; x_wconf 87' lang='lat' dir='ltr'><strong><em>Suet.</em></strong></span> <span class='ocrx_word' id='word_1_393' title='bbox 1071 4116 1135 4165; x_wconf 90' lang='lat' dir='ltr'><strong><em>Ner.</em></strong></span> <span class='ocrx_word' id='word_1_394' title='bbox 1143 4115 1279 4180; x_wconf 71' lang='lat' dir='ltr'><strong><em>btt‘Cap·</em></strong></span> 
     </span>
     <span class='ocr_line' id='line_1_46' title="bbox 168 4187 1278 4262; baseline -0.002 -18"><span class='ocrx_word' id='word_1_395' title='bbox 168 4193 270 4244; x_wconf 62' lang='lat' dir='ltr'><strong><em>maun</em></strong></span> <span class='ocrx_word' id='word_1_396' title='bbox 283 4193 419 4244; x_wconf 67' lang='lat' dir='ltr'><strong><em>nnana</em></strong></span> <span class='ocrx_word' id='word_1_397' title='bbox 437 4194 539 4262; x_wconf 66' lang='lat' dir='ltr'><strong><em>uberem</em></strong></span> <span class='ocrx_word' id='word_1_398' title='bbox 551 4212 596 4262; x_wconf 87' lang='lat' dir='ltr'><strong><em>pro</em></strong></span> <span class='ocrx_word' id='word_1_399' title='bbox 607 4196 704 4248; x_wconf 69' lang='lat' dir='ltr'><strong><em>Graecia</em></strong></span> <span class='ocrx_word' id='word_1_400' title='bbox 744 4187 787 4246; x_wconf 84' lang='lat' dir='ltr'><strong><em>tus</em></strong></span> <span class='ocrx_word' id='word_1_401' title='bbox 810 4202 897 4246; x_wconf 87' lang='lat' dir='ltr'><strong><em>autem</em></strong></span> <span class='ocrx_word' id='word_1_402' title='bbox 925 4191 1065 4244; x_wconf 85' lang='lat' dir='ltr'><strong><em>modulatis</em></strong></span> <span class='ocrx_word' id='word_1_403' title='bbox 1088 4191 1278 4242; x_wconf 86' lang='lat' dir='ltr'><strong><em>Alexandrino·</em></strong></span> 
     </span>
     <span class='ocr_line' id='line_1_47' title="bbox 170 4267 1278 4333; baseline 0.003 -16"><span class='ocrx_word' id='word_1_404' title='bbox 170 4267 330 4319; x_wconf 60' lang='lat' dir='ltr'><strong><em>eandm</em></strong></span> <span class='ocrx_word' id='word_1_405' title='bbox 508 4301 511 4306; x_wconf 94' lang='lat'>-</span> <span class='ocrx_word' id='word_1_406' title='bbox 744 4287 802 4322; x_wconf 87' lang='lat' dir='ltr'><strong><em>ram</em></strong></span> <span class='ocrx_word' id='word_1_407' title='bbox 817 4270 1017 4333; x_wconf 86' lang='lat' dir='ltr'><strong><em>laudationibus,</em></strong></span> <span class='ocrx_word' id='word_1_408' title='bbox 1030 4267 1278 4332; x_wconf 84' lang='lat' dir='ltr'><strong><em>quideuorocom·</em></strong></span> 
     </span>
    </p>
   </div>
   <div class='ocr_carea' id='block_1_9' title="bbox 0 0 1512 4850">
    <p class='ocr_par' dir='ltr' id='par_1_12' title="bbox 0 0 1512 4850">
     <span class='ocr_line' id='line_1_48' title="bbox 0 0 1512 4850; baseline 0 0"><span class='ocrx_word' id='word_1_409' title='bbox 0 0 1512 4850; x_wconf 95' lang='lat' dir='ltr'><strong><em> </em></strong></span> 
     </span>
    </p>
   </div>
  </div>
 </body>
</html>
