2984 4850
199 332 286 399 2126
356 347 466 399 ouen
489 345 672 396 ssonnon
697 346 749 395 sn
772 345 905 395 niueos
931 304 1143 395 annsnrun.

198 491 336 540 restitutus
346 488 403 537 site
414 487 521 537 Nerone
533 494 560 535 et
577 486 726 535 (lermnrdte
767 492 962 549 suspectaretnr
969 485 1003 535 ob
1011 486 1108 547 lnxnnt,
1115 484 1260 549 mollitiem,
1269 492 1300 535 et
1322 454 1326 459 Ι

198 566 354 629 prepositos
374 563 619 627 pertexiliom‚non
636 563 727 626 liquet,
766 560 866 625 degitis
886 561 1031 624 libidinum,
1052 562 1144 626 quibos
1170 562 1237 611 utele
1270 563 1300 611 in

198 642 259 704 qula
269 655 300 689 ea
312 655 370 704 pers
378 639 489 687 historie
508 638 587 702 periit
597 638 666 700 epnd
678 637 727 686 Ta·
767 637 859 698 vulgus
871 636 1004 685 audiebat.
1036 638 1079 686 Sic
1090 641 1119 685 et
1134 635 1188 685 fere
1201 638 1298 686 eodem

196 716 285 765 eitnm.
767 719 884 775 tempore
901 728 954 777 qno
972 713 1119 776 Verginius,
1136 713 1301 763 etiemresti·

228 791 279 840 Sed
292 790 360 839 forte
372 790 419 839 otii
435 796 462 837 et
474 789 543 852 pacis
555 787 661 850 cupido,
673 788 725 837 ele·
769 794 839 837 tutus
855 795 896 836 est
916 788 1105 851 Vespasienns;
1127 789 1170 851 qni
1191 794 1218 837 et
1238 788 1300 838 fere

197 865 308 931 quentin
329 872 356 913 ct
380 863 522 913 stadiorum
544 878 614 913 amor
632 861 682 911 luit
698 862 724 912 in
767 865 890 913 ernlsbrd
901 872 1001 914 emotus
1009 864 1145 913 indevium
1154 864 1301 927 civitatem,

197 954 285 999 erosa,
308 930 362 988 cnr
375 940 463 1003 potins
485 939 678 998 restitueretur,
698 943 726 985 et
761 940 848 1003 jossns
866 955 882 989 a
898 941 994 990 lilrerto
1014 941 1124 989 Curris
1142 939 1207 988 odire
1228 942 1300 989 Mon·

195 1015 587 1078 leliprovincieimponeretnr.
620 1013 725 1076 Quippe
766 1015 868 1078 inians
886 1016 956 1080 qnod
971 1018 997 1065 in
1012 1017 1115 1065 tlreetro
1134 1016 1300 1079 dormitaret,

196 1090 269 1139 Nero
283 1089 632 1152 virtutem,nobilitetenr,et
647 1088 724 1138 duces
766 1098 888 1141 cantante
910 1092 1026 1154 Nerone,
1048 1100 1076 1141 et
1098 1092 1233 1155 inpositus
1254 1098 1299 1141 est

194 1166 264 1215 bello
282 1165 382 1215 feroces
396 1166 563 1229 suspectebat
580 1178 611 1213 ee
626 1170 724 1213 metue·
766 1167 835 1218 bello
845 1168 1036 1232 ludaicoquia
1045 1168 1101 1217 scil.
1114 1183 1160 1230 par
1170 1168 1298 1218 erstlroic

195 1240 258 1293 nst:
276 1248 303 1291 et
314 1241 384 1291 sorte
396 1243 433 1289 sic
446 1242 533 1305 specie
544 1242 649 1290 honoris
661 1241 725 1289 rele-
766 1243 905 1305 provinciae
926 1258 958 1293 ex
972 1242 1043 1292 fame
1060 1243 1180 1301 virtutis;
1196 1257 1244 1293 nee
1257 1249 1298 1293 te·

196 1322 272 1379 gntus
283 1325 311 1365 et
321 1326 422 1365 amotus
434 1324 476 1366 est
486 1318 512 1364 io
530 1316 670 1379 regionem,
681 1316 724 1364 nbi
765 1331 825 1365 uren
845 1316 999 1367 formidatus
1011 1317 1071 1379 fnit,
1093 1319 1126 1367 ob
1147 1318 1296 1381 ignobilite-

194 1392 271 1454 psuei
282 1392 401 1454 juvenes,
411 1405 519 1454 qnorum
529 1391 616 1439 studia
623 1390 725 1440 foveret
757 1381 818 1442 ¹tent
838 1394 890 1443 loci
908 1394 1067 1442 et·modlces
1086 1408 1163 1455 opes:
1180 1392 1248 1441 unde
1265 1399 1297 1443 et

193 1468 342 1533 eloquentia
360 1484 406 1517 son
423 1469 569 1531 Verginius.
601 1469 680 1517 Forte
691 1482 736 1515 eu⁴
763 1468 868 1517 fortune
886 1469 1054 1519 minutatim
1072 1469 1188 1531 emicuit,
1197 1475 1224 1517 et
1235 1470 1296 1532 jenr

195 1544 316 1605 cupidine
337 1546 380 1591 illa
391 1545 438 1592 otii
450 1551 477 1591 et
496 1545 636 1604 literarum,
650 1543 724 1591 simul
765 1547 818 1591 tem
830 1544 900 1591 clere
917 1549 1061 1593 monstretur
1071 1544 1144 1604 sotis,
1162 1544 1234 1607 qussi
1245 1559 1297 1607 per

194 1624 222 1667 et
233 1633 265 1667 ex
277 1619 382 1681 ignobili
401 1619 493 1681 stirpe,
511 1634 542 1671 eo
561 1632 642 1683 nsque
653 1632 723 1680 spre·
764 1616 823 1665 orbi
842 1617 958 1679 regendo
979 1626 1057 1666 esset.
1098 1619 1141 1667 lta
1156 1625 1184 1667 et
1201 1620 1296 1681 Vergi-

194 1699 236 1743 tns
246 1700 287 1742 est
298 1695 406 1751 Neroni,
418 1704 446 1741 ut
466 1710 524 1743 enm
536 1696 668 1757 imponere
680 1708 724 1741 eu·
763 1692 830 1752 nius,
840 1692 903 1741 lieet
914 1694 984 1752 canl,
1004 1694 1088 1755 potnit
1104 1692 1181 1741 facile
1191 1692 1297 1743 restitui

193 1768 269 1818 deret
292 1769 438 1831 legionibus
465 1769 636 1829 Germanicis,
664 1773 724 1830 post
764 1766 976 1831 eNerone,quia
993 1768 1116 1816 innocens
1129 1770 1173 1816 ille
1191 1774 1219 1817 et
1238 1769 1297 1819 vite

189 1845 302 1905 occisos,
313 1850 342 1892 ot
359 1852 433 1907 puto,
451 1842 546 1892 fratres
567 1842 724 1904 Scribonios,
764 1840 906 1904 inculpata,
927 1850 956 1891 et
972 1844 1048 1891 simol
1071 1843 1168 1905 imponi
1188 1844 1295 1893 Germe·

193 1918 238 1983 qni
248 1933 303 1967 eam
315 1920 472 1980 provinciam
484 1924 617 1967 reuerent:
634 1917 660 1965 in
672 1932 723 1981 quo
764 1917 825 1977 nite,
835 1918 894 1981 qnia
904 1917 1011 1966 modicis
1021 1915 1123 1979 opibus,
1133 1918 1294 1983 qnie'eqnee·

192 1993 370 2057 pertim'clare
386 2008 427 2042 res
437 2000 466 2041 et
481 1993 584 2055 ingenia
603 1992 723 2056 previdit
764 1994 812 2041 tris
823 1994 885 2055 loci,
893 2001 922 2042 et
931 1993 1038 2055 ignobili
1048 2000 1123 2055 patre
1132 2001 1204 2043 ortus
1222 2000 1294 2053 eret,

192 2069 274 2131 Nero,
296 2071 390 2131 partim
419 2069 496 2117 etiem
527 2068 653 2132 deceptns
673 2076 722 2119 est.
763 2069 823 2132 quie
844 2083 892 2131 per
910 2068 970 2116 hnic
991 2065 1131 2131 provincias
1158 2071 1296 2134 regendae3

192 2144 261 2194 Nem
288 2144 530 2206 noluit.Verginins
550 2143 722 2207 principatum
762 2158 812 2193 nec
822 2150 907 2193 minen
919 2158 999 2205 snpra
1015 2146 1122 2206 spiritns
1141 2146 1206 2195 sltos
1217 2161 1294 2209 gere·

191 2216 250 2280 ribi,
261 2230 345 2281 neque
368 2218 477 2276 Neroni,
488 2223 543 2266 -ent
559 2216 662 2280 Gelbes,
676 2218 721 2267 sed
762 2227 811 2280 ret,
821 2217 890 2267 unde
910 2233 960 2267 nec
978 2221 1125 2268 sinnitionis
1146 2222 1295 2283 suspectari

192 2292 721 2356 senatui,sedpotrioe‚utoptimurcivinm
761 2293 857 2354 potnit.
890 2294 960 2343 Hinc
981 2293 1084 2343 fortune
1100 2296 1145 2343 ille
1161 2297 1252 2359 ingens
1261 2302 1293 2345 et

191 2367 317 2434 princepe
325 2368 431 2417 tendere
445 2368 592 2431 eligeretur.
761 2368 859 2430 grande
868 2366 959 2429 fetum,
969 2384 1020 2433 qno
1039 2370 1138 2432 sprevit
1147 2371 1229 2434 ipsam
1239 2368 1293 2419 for·

224 2445 282 2495 Neo
302 2444 368 2494 eden
378 2445 482 2506 mirum,
499 2444 566 2508 qnod
585 2445 720 2495 restitutus
762 2451 860 2506 tunam,
871 2460 921 2508 qno
938 2444 999 2494 letis
1007 2445 1069 2508 ipsis
1079 2448 1161 2509 major
1169 2446 1228 2509 fnit,
1238 2461 1292 2512 qno

192 2521 228 2570 sit
237 2522 378 2584 Verginius
396 2526 424 2569 et
436 2526 570 2569 revocatus
582 2520 614 2568 ab
633 2521 720 2584 exilio,
761 2521 840 2569 toties
850 2521 965 2569 obleten
975 2521 1143 2584 elegionibns
1154 2524 1291 2586 imperinm

189 2603 221 2647 nt
247 2597 371 2646 honorem
403 2595 540 2658 legationis
565 2601 721 2658 capesseret.
761 2608 882 2658 spernere
902 2597 990 2659 potnit
1000 2604 1027 2644 et
1039 2598 1130 2659 volnit,
1148 2614 1198 2661 qno
1208 2599 1291 2662 glorie

191 2673 260 2724 Nem
272 2680 301 2723 et
311 2673 348 2721 sic
357 2671 493 2720 restitutus
503 2678 581 2721 antee
592 2680 649 2720 erat
662 2672 720 2720 Mn·
760 2671 1004 2734 ipseetprincipetn
1013 2672 1097 2734 major
1105 2673 1211 2722 taudem
1220 2674 1291 2722 risus

191 2748 290 2807 danus,
302 2747 346 2808 qni
358 2760 419 2792 mox
429 2753 469 2794 ter
485 2749 581 2794 consul.
615 2747 651 2794 Et
661 2748 719 2795 Mn·
760 2755 809 2794 est.
842 2745 1016 2808 Dignissimus
1035 2758 1066 2794 eo
1082 2744 1189 2810 fastigio
1207 2748 1291 2812 impe·

89 2862 102 2870 .
192 2821 279 2871 cianus
300 2820 355 2882 ipse
378 2820 456 2867 etiem
477 2817 533 2868 fere
551 2820 673 2870 exulabat
692 2822 718 2868 in
758 2827 839 2882 rator,
857 2820 901 2883 qni
919 2820 998 2868 toties
1015 2819 1147 2884 festigium
1168 2821 1238 2873 iufra
1259 2837 1292 2875 se

191 2895 282 2959 Lycio,
293 2899 338 2944 ent
357 2895 496 2956 longinquo
516 2892 565 2940 alio
584 2893 717 2955 loco‚cunt
757 2893 894 2956 despexit:
911 2895 1003 2956 dignos
1024 2902 1099 2945 certe
1115 2897 1155 2946 vir
1175 2895 1291 2964 fortene,

1431 2686 1435 2694 ι

1431 2699 1437 2739 Ι
1473 2705 1478 2713 s

1429 2746 1436 2817 ἒ

1429 2820 1433 2831 ι

190 2971 272 3034 Syriae
290 2969 431 3034 provincias
442 2968 576 3030 impositos
585 2974 635 3030 est,
646 2975 718 3032 poto,
758 2963 1287 3037 redfortnnariroindigna'riseeet,eqno
1373 3002 1393 3057 χ
1417 2938 1433 3019 ‘i

191 3043 417 3110 qniemodicaeille
428 3039 617 3107 ferne,etqnis
629 3056 718 3107 parom
758 3044 796 3094 sie
808 3043 905 3108 despici
917 3044 1012 3114 potnit.
