2984 4850
162 359 301 422 unos]
512 347 717 414 sumuntuu
743 352 817 407 uta.
841 353 906 405 xv.
1183 333 1269 413 tucn

189 556 193 560 ,
207 497 262 564 17.
287 497 426 566 Doomu
438 496 570 564 intereo
582 497 695 569 brena
707 500 965 572 mumius
979 500 1040 562 cst.
1086 494 1165 564 Hoc
1190 513 1271 564 cour

165 603 330 685 queunte
345 598 503 670 ‘irritum‘
517 598 664 667 laborem
674 618 683 662 ε
693 600 842 680 puniisse
851 597 1269 682 octontugarudomm

164 697 279 778 fiuid3'
292 697 347 764 illc
363 703 374 732 ‘
389 699 515 780 integro
535 698 677 782 unique
699 699 839 766 cuncta'
861 699 1047 783 respondit:
1071 703 1268 775 ‘murone-

163 804 232 865 mu
245 794 389 881 aquites‘
399 803 433 864 ct
438 799 552 884 juncti
561 798 755 866 invaderent
768 799 970 880 Armenium,
988 802 1148 876 abscessu
1161 796 1267 874 Volo·

162 901 251 983 gusia
272 880 482 973 mutuatum}
515 888 620 968 ‘Non
640 919 683 967 co
707 901 922 985 Imperatoris
948 901 1070 968 hebere
1089 897 1267 978 mandute:

194 1096 276 1172 Duces
292 1095 393 1171 inuicem
412 1069 514 1144 breuiter
527 1095 625 1171 elberti
640 1101 704 1172 arnt,
726 1097 857 1148 Corbulone
872 1093 1045 1212 expostulante,
1065 1097 1179 1152 inutilem
1187 1095 1267 1158 suites

161 1173 227 1210 m
246 1159 449 1235 expeditionem,
470 1166 584 1222 potuisse
605 1167 703 1223 pstrnrt
726 1161 831 1226 bellum,
848 1177 895 1225 pro
924 1164 990 1226 gatis
1012 1163 1125 1212 Parthis.
1165 1161 1267 1224 Prettts,

162 1224 264 1300 utrique
275 1235 362 1300 omum
374 1230 476 1286 integra
485 1237 544 1283 csse,
554 1224 661 1286 ubjecit,
672 1226 898 1302 signsnrertsrcnt,
907 1235 936 1277 ct
946 1227 1021 1278 simul
1032 1227 1101 1304 furto
1116 1226 1205 1288 tnqnc
1215 1223 1267 1276 Ar·

162 1302 272 1337 mentum
285 1295 468 1351 irrumperent,
485 1289 598 1338 obeunte
610 1291 737 1353 Vologese
748 1290 897 1342 mveltdsm.
931 1292 1078 1355 Respondit
1091 1286 1202 1354 Umbrio,
1213 1301 1266 1345 aon

197 1525 210 1570 l
228 1521 372 1583 Perperum
383 1519 410 1569 iu
422 1521 487 1571 Mus.
499 1526 527 1570 et
539 1521 670 1570 veteribus
679 1521 841 1585 editionibus,
852 1523 1048 1585 conquerentium.
1077 1520 1108 1569 Iu
1118 1521 1182 1570 Mss.
1194 1520 1264 1569 Flet.

152 1583 254 1652 ¹(iucif.
270 1585 331 1641 boe,·
347 1585 416 1633 unde
427 1592 499 1633 recte
511 1585 683 1645 emendatum,
702 1592 862 1649 conquerente,
873 1594 901 1635 ot
918 1587 1020 1635 volebat
1034 1585 1157 1648 Faernus.
1193 1583 1265 1632 Malo

131 1686 134 1693 .
160 1649 255 1715 iueliis
263 1649 498 1701 Mss.bicrelbec.
530 1650 834 1712 MulletEruostrts,luie
851 1651 1007 1714 conquerenti.
1029 1647 1196 1699 Erotion-²
1211 1648 1266 1698 Mn.

657 1801 763 1852 NOTAE

159 1915 305 1979 fectenibi
323 1915 450 1966 substitit.
483 1917 624 1980 Postquam
641 1915 692 1964 Ro·
731 1915 775 1980 qui
792 1929 895 1979 semper
910 1914 1057 1964 humiliores
1074 1919 1103 1962 et
1122 1909 1265 1961 unimode·

159 1991 229 2041 msui
240 1992 346 2055 propius
357 1991 389 2040 od
405 2005 433 2040 se
449 1991 558 2040 iuricem
571 1990 690 2040 accessis·
730 1992 801 2042 missi
817 1991 897 2056 magis
913 2007 989 2056 quom
1002 1991 1019 2040 ii
1031 1990 1075 2055 qni
1095 1993 1216 2038 recentes
1228 2001 1262 2036 ex

159 2071 227 2129 seut,
249 2066 388 2115 maximnm
415 2067 474 2130 quis
499 2065 638 2114 discrimen
663 2072 691 2114 et
730 2069 857 2132 opulentis
878 2067 1011 2132 praesidiis,
1029 2068 1135 2130 pingues
1145 2071 1173 2114 et
1183 2059 1261 2112 nitidi

158 2140 286 2206 legionum
302 2148 331 2191 et
347 2141 441 2191 ducum
457 2139 690 2202 animadvertisset,
731 2143 764 2193 nd
776 2143 1086 2210 bellumpruficiscuntur.

159 2217 252 2265 cumbi
260 2216 316 2265 laeti
324 2216 599 2280 ethilnresspleudide
607 2225 690 2266 semet
763 2228 774 2254 ⁸
790 2222 852 2270 Haec
860 2221 1059 2284 conquerentium:
1074 2213 1182 2278 irritum]
1194 2213 1263 2264 Red-

157 2293 191 2343 ob
202 2292 394 2343 festinationem
405 2294 431 2342 iu
442 2294 534 2342 itinere
542 2294 689 2357 praestitam
729 2298 792 2347 dere
819 2297 973 2346 sententiam
996 2295 1087 2358 possis,
1113 2291 1202 2341 nescio
1228 2302 1262 2339 nn

158 2364 292 2430 efferrent,
309 2367 348 2416 illi
366 2367 507 2416 molestiam
524 2367 690 2431 perciperent
730 2373 817 2435 verba,
828 2372 849 2421 si
860 2373 948 2437 legus5
972 2372 1020 2420 llic
1035 2368 1153 2433 conqueri,
1166 2370 1262 2425 tuntum

157 2440 184 2493 et
194 2442 386 2506 compositionis
402 2442 482 2493 fortae
499 2457 576 2492 cuuss
590 2443 689 2507 pudore
728 2449 826 2498 irritum
843 2448 960 2496 iuberem:
976 2446 1028 2507 rel,
1042 2445 1085 2493 loc
1102 2446 1263 2504 conquerente.

156 2515 384 2567 tufftltldeletttlllss
416 2516 454 2567 Αῑ
471 2531 521 2567 11οῦ
540 2519 597 2567 haec
617 2532 689 2566 mens
730 2524 823 2572 Brevis
834 2537 917 2571 sermo
926 2520 1130 2584 ducutu,iuqnit.
1148 2516 1262 2568 Corbulo

157 2593 252 2654 Taciti,
262 2608 340 2657 qnsm
356 2609 408 2643 uon
423 2594 494 2658 cepit
512 2594 574 2657 Dio,
584 2595 627 2643 rel
648 2609 691 2642 ce·
730 2597 896 2664 querebatur,
916 2595 1012 2645 frustra
1023 2610 1050 2644 se
1062 2605 1215 2659 properasse
1233 2597 1262 2640 et

157 2683 219 2733 pere
240 2669 333 2718 uoluit.
370 2669 422 2718 Sed
443 2670 469 2717 id
492 2668 690 2719 coudouaudum
730 2674 846 2722 laborem
859 2688 916 2721 eum
936 2671 1066 2731 sumsisse,
1078 2684 1135 2719 cum
1147 2669 1190 2717 ille
1201 2680 1263 2716 nux·

158 2742 293 2799 Graeculo.
727 2749 799 2799 ilium
809 2763 859 2799 uuu
870 2754 1043 2813 expectasset.
1061 2747 1151 2795 Paetus
1162 2749 1262 2805 conns,

167 2820 259 2885 ,Apud
271 2820 381 2883 minores]
406 2820 688 2885 Intelligitmnuipuln·
727 2825 831 2889 intcgrs
850 2825 1009 2885 munimem.
1043 2822 1186 2873 Pulmerius
1205 2834 1263 2869 uos·

155 2896 243 2946 risset
255 2898 369 2959 plebeios
380 2898 486 2959 milites,
504 2898 547 2962 qui
566 2898 689 2947 commili·
730 2908 770 2951 ter
782 2901 904 2961 malebat,
918 2900 987 2962 bsqjus
995 2898 1156 2961 conqumntis
1166 2896 1263 2945 irritum

157 2979 246 3023 tonum
255 2972 630 3037 magismiserebsutor,quam
642 2971 689 3020 du·
727 2978 840 3039 morem,
858 2977 922 3025 illitu
941 2975 1038 3037 integro
1059 2974 1153 3035 utrique
1173 2970 1269 3023 omniur
1291 2964 1296 2971 ’

155 3062 199 3110 ces
209 3048 330 3110 invicem,
347 3048 409 3113 quis
419 3049 497 3111 leuge
514 3047 598 3098 mittor
610 3059 689 3097 acmtt·
727 3052 839 3113 Lipsius.
931 3114 934 3117 Ι

154 3124 440 3189 lettoiuterqcegutos
457 3125 602 3185 milites‚et
616 3140 688 3188 saepe
760 3124 772 3156 f
797 3128 967 3175 Conrertcrcnt
985 3120 1087 3186 equilus]
1114 3120 1173 3171 Hoc
1193 3118 1263 3175 forts

155 3201 236 3251 nulla.
268 3202 379 3251 Etcum
396 3201 504 3251 oliorum
522 3202 689 3260 miserentur,
729 3201 815 3265 potuit
833 3198 1065 3249 Paetosinriolsto
1086 3195 1194 3257 foedere,
1213 3194 1262 3244 nisi

156 3275 309 3339 semetipsos
329 3276 482 3340 respiciunt,
509 3282 593 3326 semet
613 3276 690 3325 mise-
727 3274 977 3327 iutrucoustitutum
999 3280 1101 3335 tempus
1122 3272 1181 3321 Rex
1190 3271 1262 3335 irps·

155 3357 246 3413 rentur
262 3351 289 3401 tu
304 3352 379 3401 eliis:
396 3368 455 3401 eum
467 3359 562 3401 sortem
574 3366 687 3402 commit·
728 3363 768 3404 tos
787 3353 907 3414 misisset,
926 3357 972 3401 attt
988 3350 1010 3399 si
1028 3348 1097 3398 irriti
1113 3346 1261 3399 rediissent.

154 3439 213 3475 uem
224 3424 333 3489 defleat,
342 3443 415 3479 suum
432 3443 486 3477 rem
503 3436 597 3491 agouti
610 3429 617 3456 ‘
630 3428 685 3478 Hs·
728 3430 786 3479 Nec
798 3435 870 3479 certe
886 3426 974 3477 debuit
985 3424 1098 3475 Corbulo
1117 3422 1213 3473 inferre
1223 3436 1262 3471 ar·

153 3500 216 3565 beot
232 3502 258 3551 iu
275 3504 381 3553 consilio
399 3503 530 3555 fertonem
549 3505 638 3569 sunm,’
656 3510 686 3554 ut
725 3520 769 3553 ms
786 3504 877 3553 alienes
902 3500 1052 3564 provinciae,
1071 3498 1128 3549 sine
1146 3498 1261 3562 propriis

152 3577 236 3643 iuquit
249 3580 363 3630 Curtius.
725 3578 867 3629 mandetis:
886 3590 934 3624 uec
951 3574 1098 3637 prudentiae
1110 3572 1160 3622 fuit
1175 3588 1202 3623 sc
1213 3572 1260 3621 im·

182 3652 256 3716 Apud
270 3655 385 3717 minores]
407 3655 487 3704 Victor
496 3655 633 3718 intellige:
654 3662 685 3705 ut
725 3656 836 3717 miscere
847 3652 914 3702 cladi
924 3649 1033 3700 hominis
1051 3656 1113 3713 post
1122 3648 1215 3708 foedus,
1227 3655 1258 3700 et

151 3729 257 3778 meliora
269 3739 338 3789 suut,
350 3732 519 3795 potentiores,
530 3733 687 3795 superiores·
726 3730 830 3794 quidem
843 3736 929 3791 turpe,
940 3726 1040 3774 initum.

151 3818 200 3867 que
210 3806 256 3867 qui
266 3805 383 3867 riucout,
394 3807 433 3855 its
449 3812 478 3858 et
488 3806 548 3855 uicti
558 3814 621 3856 suut
637 3808 682 3857 sni-
761 3807 797 3855 ttt
807 3806 877 3861 ultro
894 3802 964 3853 cavit
982 3801 1084 3863 docem,
1102 3804 1132 3847 ut
1143 3798 1260 3859 itucium,

149 3871 218 3933 nores
233 3887 313 3947 atque
334 3880 493 3933 infirmiores.
537 3881 617 3945 Apud
636 3884 682 3934 lton
726 3882 766 3930 its
776 3886 804 3929 et
813 3877 976 3928 ambitiosum
988 3882 1067 3940 utque
1077 3874 1196 3937 mmrrlorn
1204 3886 1258 3925 sues

140 3954 221 4010 ‚velet
232 3957 366 4018 praecipue
374 3957 544 4020 muniendis,
555 3958 618 4022 quis
627 3958 681 4017 for·
726 3956 825 4020 glortae,
836 3951 879 4017 qui
892 3965 1017 4017 prospera
1029 3950 1079 3999 sibi
1091 3949 1258 4010 vindicasset,

150 4035 233 4081 lunens
250 4034 374 4083 muron
391 4034 565 4095 expertisunt.
597 4036 685 4097 Etse·
725 4039 754 4096 et
772 4031 861 4091 decos,
881 4039 911 4079 ut
929 4024 1166 4089 insusprorincia
1182 4019 1259 4069 rebus

149 4106 219 4169 ipsos
231 4107 414 4170 respicientia
425 4109 559 4161 similibus.
665 4154 669 4160 ,
725 4107 793 4173 bene
810 4106 901 4173 gestis,
921 4110 951 4155 et
968 4102 1076 4155 adrem
1087 4096 1220 4149 retulisset
1232 4096 1260 4147 itt

180 4185 254 4247 Apud
269 4184 471 4248 nimesnsqis]
497 4184 575 4251 Apud
590 4188 687 4252 ricton,
727 4182 909 4239 Corbulonem.
