2984 4850
211 314 299 395 moe
565 338 599 386 o.
622 335 804 387 conunnrr
827 334 955 384 morer
975 322 995 373 ἲ
1038 296 1043 304 ’
1139 336 1318 403 runnu

210 501 272 568 pro
286 483 411 547 incerte
425 485 459 543 et
471 478 598 563 trepida
622 480 702 557 rito,
733 476 903 551 suasisse?
946 475 1116 561 Repertus
1138 483 1192 547 est
1213 483 1319 564 certe,

212 603 273 669 per
291 582 436 647 medium
462 581 542 658 diei,
565 581 678 659 nudus¹
695 579 912 645 exercitando
926 580 1070 662 corpori.
1111 579 1228 643 Talem
1241 600 1322 647 eum

151 691 158 699 ’
212 684 372 760 Centurio
387 683 578 761 trucidavit,
593 702 706 748 coram
720 682 902 764 Pelagone,
923 682 1083 765 spadone,
1103 702 1202 766 quem
1223 681 1321 747 Nero

213 776 402 855 Centurioni
411 785 632 869 etmanipulo,
641 785 740 868 quusi
749 783 946 849 satellitibus
957 783 1141 847 ministrum
1155 782 1322 865 Regium-⁸

212 891 451 976 praeposuerat.
497 884 609 971 Caput
634 886 802 952 interfecti
829 885 969 949 relatum
982 894 1007 949 :¹¹
1037 883 1135 968 cnjus
1163 890 1320 967 aspectu,

211 1056 285 1107 vitto.
317 1054 352 1103 Et
362 1052 468 1104 merab
479 1051 601 1103 meridiem
611 1053 721 1103 incertas
739 1056 775 1101 est
792 1052 878 1111 Μαι,
898 1061 992 1125 nempe
1013 1048 1213 1125 udfxercesdsra
1223 1063 1320 1111 corpur.

212 1120 256 1170 Sic
265 1133 317 1170 sum
327 1117 670 1181 censonuncupanda
679 1118 808 1179 Pelagone,
822 1117 924 1164 edem
938 1114 1066 1162 virilitates
1076 1112 1170 1173 laberto,
1177 1123 1243 1175 quem
1255 1112 1322 1161 Nero

210 1182 490 1249 momentarium
501 1182 645 1245 uniatque,
653 1181 726 1231 ueluti
736 1181 830 1243 regium
839 1178 910 1228 cedis
917 1182 1052 1227 enormem
1058 1176 1240 1241 pomereio.
1269 1177 1320 1233 Cu·

716 1306 823 1359 NO'I'AE

244 1422 377 1491 Siquidem
408 1423 477 1489 apud
505 1420 665 1487 Xiphilinum
692 1433 747 1469 non
818 1419 1070 1484 Itaqueillumcum
1080 1416 1152 1467 libris
1166 1416 1266 1481 aliquot
1274 1429 1322 1464 re·

212 1505 330 1563 necatur,
350 1494 397 1548 sed
422 1498 449 1547 in
470 1494 575 1547 exilium
596 1496 685 1545 missus
706 1500 745 1545 est
785 1495 840 1545 rius
851 1499 901 1556 est,
919 1494 953 1543 Α.
971 1494 1104 1543 Plautium
1124 1493 1223 1555 vocari,
1237 1492 1322 1541 filiurn

213 1572 299 1624 Rufus
310 1570 446 1623 Musonius
464 1572 641 1636 Philosophus,
651 1570 705 1635 qui,
715 1575 746 1619 nt
786 1569 895 1621 fortasu
907 1571 974 1634 ejus,
984 1570 1028 1634 qni
1040 1570 1073 1619 de
1085 1568 1219 1619 Britannis
1232 1569 1324 1619 triurn-

212 1636 334 1713 libssseq.
351 1647 486 1699 Cornelius
504 1647 550 1709 ait,
569 1645 655 1695 studia
670 1646 747 1707 jure·
786 1646 884 1709 pharit.
919 1645 984 1694 Cum
1005 1652 1095 1694 nostro
1112 1645 1164 1694 isto
1179 1644 1323 1694 siconfun·

211 1736 273 1773 num
290 1723 431 1788 preceptis
449 1720 584 1785 sapientire
599 1734 657 1769 curn
670 1718 747 1768 fovis-
788 1722 836 1779 dis,
856 1722 938 1786 (quod
951 1720 1051 1770 iaciunt
1063 1718 1174 1785 plnres,)
1190 1721 1323 1786 quomodo

212 1806 262 1863 set,
275 1805 336 1863 post
350 1806 459 1848 mortem
475 1796 589 1847 Neronis
601 1795 748 1857 restitutus,
787 1798 830 1846 rel
843 1797 891 1846 bac
903 1802 979 1860 parte
990 1796 1114 1846 Taciturn
1124 1812 1183 1846 cum
1193 1796 1322 1847 Suetonio

213 1875 280 1925 adeo
291 1890 366 1925 carus
388 1874 546 1937 Vespasiano
563 1871 623 1933 fuit,
640 1876 670 1919 ut
687 1884 746 1919 cum
782 1873 887 1937 junges,
901 1873 945 1937 qui
956 1871 1130 1921 diversissime
1139 1871 1252 1922 Neronis
1265 1886 1324 1921 rer·

213 1965 303 2004 omnes
315 1952 378 2001 urbe
390 1950 559 2013 Philosophus
581 1948 650 1997 idem
666 1947 746 2009 impc-
788 1949 821 1998 ba
832 1949 1004 2011 depromunt?
1027 1948 1082 1997 Dio
1091 1962 1124 1996 au
1135 1948 1169 1996 de
1179 1948 1229 1997 hoc
1240 1946 1323 1996 Plau·

213 2027 447 2090 ratorcxpelleret,
455 2040 534 2074 unum
544 2022 680 2088 exceperit
688 2024 747 2071 Mu·
787 2028 815 2071 to
835 2024 936 2071 locutus
958 2022 1001 2084 sit,
1017 2023 1121 2073 nescio:
1139 2023 1224 2073 ‘eum
1238 2023 1321 2073 Pleu·

214 2104 323 2155 eonium.
344 2136 347 2141 -
786 2104 843 2147 tom
863 2097 1047 2160 interfecisset,
1070 2112 1131 2147 mox
1157 2092 1321 2163 caput'ejus

247 2177 314 2228 Quae
332 2176 386 2226 Dio
407 2175 511 2225 Cassius
527 2173 651 2239 prodidit,
670 2175 747 2223 aliter
786 2173 835 2223 sibl
846 2175 952 2224 allstnm
970 2188 1030 2223 curn
1044 2174 1200 2232 intueretur,
1212 2173 1322 2223 Nescie-

213 2265 291 2317 qusm
310 2249 418 2301 Suidas:
436 2246 478 2299 hic
490 2250 557 2300 euim
569 2250 694 2313 scripturn
706 2264 746 2299 rc·
786 2248 965 2314 bamlnqrit,
983 2249 1068 2314 ipsum
1089 2264 1210 2314 maguum
1227 2264 1321 2300 muns

211 2326 307 2391 liquit:
325 2324 478 2374 ‘Musonius
499 2324 657 2387 Babylonius
684 2324 746 2372 Phi·
785 2323 902 2373 sibene
1104 2341 1107 2344 ·

212 2400 335 2466 losophus
345 2398 449 2450 Stoicus
460 2414 491 2449 ac
501 2398 746 2461 Dialecticus,teur·
818 2400 888 2450 Nam
898 2413 930 2451 ea
941 2400 1022 2452 rerba
1039 2400 1143 2452 diversa
1160 2401 1193 2452 ab
1204 2401 1262 2452 istis
1271 2401 1321 2452 'l's-

182 2513 184 2518 -
213 2492 278 2544 pore
303 2477 426 2540 Neronis,
453 2476 587 2526 familiaris
614 2475 746 2539 Apollonii
785 2467 840 2524 citi.
858 2476 923 2527 Quis
935 2482 1021 2527 temen
1042 2483 1129 2540 neget,
1149 2477 1212 2542 quin
1221 2478 1320 2529 ethere

212 2553 322 2617 Tyanei,
335 2567 350 2603 n
361 2551 466 2602 Nerone
482 2552 577 2601 deinde
595 2550 629 2600 ob
651 2551 745 2614 hugum
785 2551 1070 2614 potueritadjungers?
1087 2552 1193 2615 Lipsiae

212 2625 574 2677 licentiaminterfectuscst.’
595 2625 746 2675 Vertrunirss.
818 2626 879 2675 Nou
889 2625 1011 2688 adjunxit
1031 2628 1183 2691 haecNero,
1203 2633 1321 2692 utputo,

249 2702 342 2765 Greci]
359 2703 428 2750 Vide
438 2706 530 2752 xull.
786 2699 833 2748 sed
852 2699 903 2749 alia
929 2700 1010 2749 verbu
1030 2715 1137 2765 prorsus
1156 2702 1250 2753 tribuit
1267 2705 1320 2754 Dio
1405 2697 1410 2702 ’

248 2777 346 2840 Thesei]
362 2776 650 2826 ThuscinvelEtruria.
675 2777 744 2826 Vide
786 2776 885 2824 Neroni
897 2790 944 2838 pro
955 2775 1170 2828 dirersal'smaet
1179 2780 1320 2842 geniornl·

214 2866 255 2906 xx.
266 2858 307 2904 14.
786 2851 876 2915 gi,qui
887 2851 1100 2902 diversostrihnit
1110 2868 1240 2906 sermones
1249 2855 1320 2920 prin
1404 2911 1408 2918 ,

241 2930 402 2980 ‘Ministrum
411 2928 746 2992 Regium]Prmcipuemore
786 2927 889 2990 cipibus
901 2929 1008 2992 sapein
1020 2929 1112 2979 eadem
1123 2944 1162 2980 re.

213 3019 303 3070 regum
310 3005 378 3069 regis
386 3007 523 3055 Persarum
533 3007 748 3072 Parthorumque,
819 3006 854 3054 Et
864 3021 956 3055 vanum
972 3013 1014 3056 est
1030 3007 1171 3058 conciliare
1180 3009 1249 3058 selle
1258 3023 1325 3064 sno,

213 3083 259 3148 qui
270 3082 395 3132 semiviris
407 3081 438 3130 ad
452 3081 604 3146 exequenda
610 3081 682 3144 jussa
692 3088 748 3132 nte·
787 3086 857 3131 tores
875 3081 943 3145 illos,
958 3082 1003 3146 qni
1015 3082 1154 3133 dissentire
1170 3085 1221 3148 ipsi
1232 3086 1320 3136 volus·

213 3157 322 3207 bantur:
335 3157 413 3206 sicet
428 3158 611 3224 nuncinlmore
623 3164 664 3206 est
675 3156 745 3220 apud
785 3161 864 3206 runt:
883 3158 981 3222 quippe
1002 3157 1117 3207 homines
1140 3164 1209 3208 sunt.
1241 3160 1320 3211 Tael-

212 3231 361 3294 Turcaram,
372 3231 559 3295 Persarumque
570 3245 655 3294 reges,
665 3231 746 3295 quiin
785 3236 837 3294 tus,
848 3231 902 3282 Dio
918 3239 947 3282 et
964 3233 1103 3283 Suetonius
1120 3234 1280 3289 conveniunt
1289 3235 1319 3286 in

214 3313 317 3370 purtem
330 3305 474 3368 libidinum,
494 3312 523 3354 ut
541 3303 745 3370 erimperiisuc-
785 3307 932 3357 substantia
951 3309 999 3370 rei,
1018 3314 1047 3358 at
1065 3311 1092 3358 in
1113 3311 1318 3361 circumstantiis

211 3394 327 3430 cessere.
740 3385 743 3390 '
784 3383 919 3446 differunt,
938 3390 984 3432 aut
1004 3384 1101 3434 silent:
1130 3393 1159 3435 et
1180 3385 1250 3435 idem
1271 3386 1318 3436 ille

243 3459 260 3532 ‚¹
277 3457 356 3519 Caput
369 3454 491 3516 interfecti
506 3455 618 3519 relatum]
637 3456 696 3505 Non
706 3471 745 3505 er·
784 3459 894 3509 Plautus
905 3466 957 3521 est,
972 3459 1006 3508 de
1016 3474 1067 3525 quo
1082 3464 1137 3509 tres
1148 3461 1186 3509 illi
1198 3466 1318 3510 auctores

213 3545 248 3596 go
259 3529 328 3580 idem
339 3532 381 3580 hic
391 3531 436 3582 ille
448 3533 645 3596 Plautus,cnjus
653 3547 743 3583 necem
783 3535 855 3583 varis
865 3533 960 3584 afferre
969 3534 1100 3584 ridentur.
1133 3535 1171 3584 At
1186 3534 1269 3596 dices,
1283 3549 1318 3584 ex

213 3607 352 3658 Suetonius
372 3607 496 3658 retulito'.
509 3613 549 3658 35.
583 3609 641 3658 Non
655 3609 743 3657 hercle
783 3611 919 3673 Suetonio,
944 3613 1005 3661 sive
1032 3609 1186 3673 Agrippina,
1208 3617 1317 3662 necatus

212 3681 300 3738 idem:
322 3684 404 3734 muita
426 3685 538 3734 obstant.
572 3685 687 3735 Primum
698 3685 742 3734 ille
783 3686 910 3737 Plautius.
942 3682 1317 3750 Hocinlerrecertouonpos·

213 3755 283 3808 inter
294 3770 396 3823 pueros,
406 3765 451 3808 aut
462 3767 535 3810 certe
547 3767 627 3809 aetate
636 3759 743 3809 inferior
783 3761 818 3810 sis
825 3776 859 3810 ex
868 3760 954 3810 verbis
961 3761 1078 3810 Suetonii
1088 3777 1096 3809 s
1109 3775 1166 3810 nam
1174 3761 1317 3824 postillam

214 3847 290 3900 quom
312 3834 392 3897 Nero,
406 3834 510 3900 (stupro
527 3837 595 3884 enim
607 3845 668 3885 aute
679 3849 744 3885 mor·
783 3838 1084 3900 occisum,uecutarnque
1094 3842 1212 3900 mntem,
1227 3837 1318 3899 potnit

213 3909 317 3959 lentilli
328 3910 466 3974 cognitus)
487 3917 515 3960 at
540 3912 587 3960 iste
606 3913 741 3975 grandior:
785 3913 857 3961 Nero
876 3913 974 3974 pariter
989 3911 1017 3960 id
1039 3912 1143 3977 utrique
1162 3911 1317 3976 objecturos

212 3983 257 4034 llle
272 3985 362 4041 Romen
381 3984 461 4035 fuisse
482 3986 580 4050 debuit,
592 4003 650 4038 curn
661 4004 744 4040 cresus
784 3989 854 4037 ‘Eat
863 4002 932 4037 nunc
940 3994 1025 4037 mater
1034 3992 1130 4037 meast
1138 4001 1317 4038 successorem

212 4059 447 4120 est3inAsieiste:
460 4056 576 4122 illerire
591 4063 745 4130 Agrippina,
783 4062 1031 4114 meumesculetur.'
1064 4063 1224 4113 Suetoudb.
1242 4068 1316 4112 etex

210 4131 255 4186 lue
266 4144 374 4204 mortua,
386 4137 496 4204 pridem,
506 4137 668 4214 interfectus.
783 4142 871 4192 serbis
880 4140 1047 4207 sequentibus
1056 4140 1129 4192 clere
1139 4139 1234 4207 liquet,
1250 4139 1325 4192 spe.
