2984 4850
241 337 329 408 1698
596 359 631 407 o.
654 357 838 406 conunuu
861 354 992 406 rucrrt
1175 360 1347 429 {musis

242 502 435 587 praebuerit.
480 501 547 568 Sed
573 507 607 565 et
628 502 813 566 consultum
836 496 1065 586 parcimoniae,
1080 502 1173 585 quod
1186 509 1350 586 perpetuu

240 606 340 672 sedes
357 605 484 670 tbeatro
500 607 610 670 locutu
626 606 682 681 sit,
696 605 811 688 potins
831 625 934 689 quum
956 591 1129 668 immenso=
1141 612 1254 669 sumtu
1280 607 1348 669 sin·

202 769 208 776 .
239 708 337 788 gulos
363 727 421 790 per
444 727 548 770 annos
563 713 771 788 consurgeret
795 727 837 771 ac
862 706 1064 770 strueretur.8
1109 706 1185 770 Nec
1207 708 1348 790 perinde
1387 761 1395 774 .

239 807 458 891 Magistratus
473 829 539 872 rem
555 809 753 873 familiarem
768 809 1076 885 exhausturossaut
1098 811 1240 892 populog
1255 809 1347 874 effla·

239 913 367 994 gitandi
395 910 520 976 Graeca
547 909 739 975 certamina¹²
756 933 778 975 a
807 907 1065 996 Magistratibns
1094 929 1234 974 causum
1256 909 1350 989 fore,i

154 1041 156 1045 ’
239 1033 316 1078 curu
330 1033 370 1077 eo
385 1019 496 1076 sumtu
507 1012 615 1096 Resp.
627 1013 803 1094 fungatur:
827 1019 995 1076 oratorum
1009 1030 1050 1075 ac
1065 1018 1177 1076 vatum
1189 1012 1349 1076 victorius

239 1115 485 1178 incitamentum
500 1115 641 1198 ingeniis
655 1117 834 1180 ullamras:
857 1132 919 1177 nec
934 1115 1092 1196 cuiquam
1109 1112 1220 1198 judici
1234 1132 1347 1196 grave,

237 1298 292 1347 nori
305 1298 439 1364 impensae,
450 1297 519 1362 qnod
531 1299 630 1348 stabilis
642 1297 718 1348 sedes
731 1311 817 1347 scruas
828 1296 956 1358 assignata
966 1296 1010 1358 sit,
1022 1295 1194 1360 potiusquam
1205 1295 1347 1346 immodico

237 1369 324 1412 sumtu
347 1365 484 1427 quotannis
505 1365 652 1425 erigeretur
674 1371 702 1412 et
725 1369 895 1411 sta-tueretur.
937 1361 996 1410 Nec
1016 1361 1183 1423 magistratus
1206 1375 1267 1409 suas
1286 1375 1348 1423 opes

236 1426 347 1490 perinde
358 1428 529 1486 absentares,
539 1443 587 1477 nec
599 1429 672 1476 etium
681 1427 753 1490 plebi
765 1427 893 1475 rationem
903 1423 961 1474 sore
972 1423 1156 1486 expostulandi
1164 1425 1262 1475 Graeca
1273 1440 1348 1488 spec·

239 1492 325 1541 uenia
336 1505 352 1540 s
364 1492 566 1554 magistratibus,
576 1507 634 1540 cnm
646 1506 703 1540 eam
716 1493 858 1553 impensam
871 1491 951 1551 Resp.
964 1489 1100 1537 sustineat.
1118 1487 1251 1538 Victorias
1264 1496 1349 1538 orato

236 1569 292 1605 rum
305 1565 332 1606 et
344 1557 479 1619 poetarum
490 1556 599 1620 ingeniis
611 1557 808 1606 incitamentum
820 1553 993 1617 praebituram
1004 1567 1060 1620 ,nec
1080 1553 1124 1600 ulli
1138 1553 1226 1616 judici
1254 1555 1350 1602 moles-

701 1673 760 1695 ae'tee
763 1673 879 1695 nonen

184 1773 186 1775 ·
237 1757 306 1808 Flor.
320 1755 423 1806 Cedet
443 1756 603 1819 Capitolinos
628 1756 740 1819 Lapides
763 1756 906 1806 secuti—8
924 1755 960 1804 Ac
981 1760 1123 1816 anserum,
1143 1754 1214 1805 scioli
1237 1757 1348 1820 alicujus

238 1821 335 1870 librarii
347 1822 474 1886 glossema
485 1829 535 1879 est,
548 1821 708 1870 cornelianae
720 1821 843 1870 brevitati
855 1835 905 1868 non
918 1820 993 1868 ruodo
1004 1819 1170 1876 contrarium,
1183 1820 1228 1868 sed
1242 1823 1348 1875 omnine

237 1885 370 1951 frigidum.
404 1886 548 1936 Laboranti
564 1886 650 1935 sensui
663 1884 826 1934 succurritur
837 1886 889 1934 levi
905 1884 1060 1944 mutatione,
1080 1897 1131 1948 qua
1147 1899 1194 1947 pro
1215 1890 1350 1934 struuntur

742 2037 848 2087 NOTAE

235 2152 337 2202 abinus
356 2149 457 2200 dedisse
479 2150 575 2214 iegitur
596 2151 623 2199 in
643 2151 770 2200 aedilitate
844 2149 1348 2216 EfflsgiturdiGrrecocertamisu]Nibil,

237 2226 353 2276 AEmiiius
370 2226 490 2288 Scaurus,
501 2227 589 2275 multis
608 2234 669 2290 post
687 2229 771 2289 anuis.
810 2235 840 2276 ut
852 2227 1347 2293 opinor,probibet,quominus‚Graeri

236 2301 318 2352 Potes
345 2302 425 2365 igitur
449 2316 544 2365 capere
570 2301 642 2351 iudos
664 2304 770 2352 Grecos.
810 2307 946 2354 certaminis
960 2306 1147 2370 appellatione,
1158 2305 1295 2369 gymnicos
1313 2321 1347 2353 ae·

236 2379 306 2429 Num
326 2383 403 2429 autea
421 2379 477 2429 noti
495 2385 595 2429 tantum
610 2379 666 2429 Osci
684 2379 770 2451 etia·
811 2395 862 2445 que
878 2388 908 2431 ut
918 2382 1027 2432 musicos
1040 2381 1114 2432 ludos
1125 2381 1275 2445 designatos
1289 2395 1347 2432 esse

235 2455 291 2505 tini.
810 2459 1026 2522 interpretemur:
1045 2459 1188 2523 praesertim
1205 2472 1265 2508 cum
1282 2466 1346 2507 ante

269 2531 364 2583 Cicero
384 2532 417 2581 ad
437 2533 550 2582 Marium
561 2532 606 2583 lib.
619 2545 673 2581 vn.
690 2532 770 2583 ‘Nou
810 2532 924 2583 Neronis
940 2541 1068 2598 tempora,
1081 2536 1183 2598 vigente
1203 2534 1288 2583 adbuc
1309 2548 1348 2583 re·

235 2610 304 2658 euim
317 2616 390 2672 puto,
402 2615 429 2657 te
444 2609 553 2659 Graecos
570 2616 616 2658 sut
635 2609 717 2657 Oscos
732 2609 769 2657 lu·
810 2610 925 2673 publica,
945 2611 1020 2661 datos
1041 2611 1137 2673 saepius
1155 2611 1267 2659 athletas
1284 2624 1347 2659 con-

235 2684 281 2733 dos
293 2684 471 2733 desiderasse:
493 2684 638 2747 prasertim
650 2698 709 2731 cum
720 2685 770 2733 Os·
810 2693 881 2745 stet;
899 2702 949 2735 non
964 2686 1069 2750 quidem
1086 2685 1232 2749 quotannis,
1243 2685 1290 2733 sed
1302 2699 1347 2733 ve·

235 2774 279 2809 cos
299 2760 342 2809 vel
364 2760 390 2807 in
409 2765 500 2809 senatu
523 2766 644 2822 spectare
668 2759 769 2822 possis;
809 2760 849 2809 lut
858 2767 933 2810 extra
944 2761 1071 2822 ordinem,
1081 2761 1107 2810 in
1119 2761 1184 2809 urbe
1194 2760 1287 2810 Roma.

237 2834 344 2885 Graecos
356 2850 418 2884 vero
429 2836 465 2884 itu
477 2850 526 2884 uon
539 2850 617 2896 amas,
634 2841 663 2884 nt
675 2850 723 2884 nec
736 2836 770 2883 ad
843 2839 912 2889 Quin
931 2844 959 2887 et
975 2837 1044 2901 apud
1062 2838 1215 2887 Ciceronem
1234 2835 1269 2885 ed
1288 2836 1346 2885 Ma-

146 2968 151 2973 ,
234 2912 323 2961 vilium
335 2918 404 2961 tuam
416 2913 458 2961 via
468 2912 561 2962 Graecs
572 2912 611 2961 irc
623 2911 723 2963 soleas!
810 2915 1033 2976 sternumenta
1043 2916 1151 2964 ludorum
1161 2913 1274 2973 nornine,
1285 2928 1346 2977 pru·

267 2990 325 3039 Hos
348 2991 466 3054 triplices
495 2991 569 3039 ludos
604 3004 666 3039 sane
689 2991 769 3039 Trau-
810 2990 869 3053 pios
878 3006 940 3040 vero
949 2997 999 3053 est,
1008 2998 1038 3040 ut
1049 3005 1098 3039 non
1108 2989 1262 3051 musici,sed
1271 3004 1345 3052 gyar-
1428 3026 1437 3041 .

235 3066 329 3131 quilius
339 3066 364 3114 iu
376 3066 448 3127 Julio
462 3067 595 3128 iutelligit,
608 3080 631 3115 c.
643 3070 683 3115 ³9.
699 3067 769 3114 ‘Lu-
810 3066 861 3113 nici
873 3067 969 3129 exponi
982 3067 1096 3116 debeant
1106 3082 1114 3126 ;
1126 3064 1249 3129 quicquid
1257 3064 1346 3113 erudi·

235 3139 283 3193 des
303 3142 458 3205 regionatim
476 3142 538 3190 urbe
559 3148 617 3190 tots
636 3140 720 3203 dedit,
741 3147 770 3192 et
811 3141 926 3190 tissimus
944 3142 1048 3205 Lipsius
1067 3142 1095 3190 in
1113 3140 1271 3191 contrarium
1286 3155 1345 3189 sen·

235 3216 339 3279 quidem
359 3231 406 3279 per
424 3217 536 3266 omnium
556 3217 701 3280 linguarum
716 3217 769 3265 his·
810 3216 868 3266 tiat.
886 3218 918 3265 P.
930 3216 1016 3266 Faber.

235 3290 350 3339 triones!
391 3292 426 3339 Et
438 3290 547 3354 August.
568 3307 591 3340 c.
604 3296 644 3342 43.
661 3293 769 3343 ‘Ludos
839 3290 969 3341 ¹Gussarn
998 3290 1068 3355 forn]
1101 3294 1195 3353 Causa,
1214 3306 1261 3342 cnr
1289 3306 1343 3339 non

234 3362 299 3439 feqit
318 3378 498 3427 nonnunquam
521 3366 676 3430 vicesimae
689 3368 769 3430 pluri·
809 3365 981 3429 efflagitarent
993 3368 1090 3417 Graeca
1109 3367 1271 3429 spectacula,
1287 3366 1343 3415 foc·

233 3440 280 3489 bus
303 3440 397 3503 scenis,
417 3456 463 3503 per
483 3441 595 3490 omnium
620 3442 768 3506 linguarum
808 3444 852 3505 rit,
862 3443 923 3507 quia
934 3457 965 3491 eo
975 3450 1061 3493 sumtu
1078 3440 1268 3507 defungebatur
1279 3443 1345 3491 Res·

233 3516 388 3567 histriones!
420 3518 525 3579 Lipsius.
809 3518 869 3581 pub,
891 3527 975 3567 sumtu
995 3534 1028 3567 ex
1048 3518 1138 3567 ceramo
1162 3518 1282 3581 pecunia,
1299 3519 1343 3567 cui

267 3598 280 3633 ἒ
295 3592 347 3639 Aut
354 3592 451 3655 populo]
468 3592 555 3641 Minus
568 3594 716 3656 importune
730 3601 769 3643 ta·
808 3609 916 3656 parcere
928 3594 1020 3643 debuit
1030 3596 1150 3657 populus,
1161 3602 1285 3661 tanquam
1296 3609 1343 3646 suo

233 3668 268 3717 lia
284 3666 440 3732 efflagitaret
463 3672 584 3733 populus,
603 3687 662 3720 cum
677 3672 767 3733 sciret,
808 3672 976 3735 patrimonio,
1001 3687 1052 3720 nou
1064 3680 1152 3721 autem
1162 3672 1200 3721 sic
1211 3673 1344 3734 pepercis-

209 3758 265 3794 ,οι
275 3744 317 3795 edi
328 3746 505 3810 celebrarique
516 3755 602 3798 sumtu
615 3749 710 3813 aeraru,
721 3764 767 3798 scu
806 3755 848 3796 set
876 3748 994 3811 pecuniae
1025 3750 1203 3811 privatorum
1227 3748 1342 3811 quisue

233 3819 315 3883 ipsius
326 3822 416 3883 populi
429 3823 549 3870 Romani.
806 3831 894 3872 sumtu
907 3824 973 3872 tsies
989 3824 1064 3873 iudos
1084 3826 1257 3873 celebrarent
1291 3825 1341 3873 Vei

265 3894 278 3927 ¹¹
291 3896 543 3963 EffingituudiGroecu
551 3899 691 3962 certamino]
704 3902 766 3951 Cer·
807 3901 886 3947 semei
894 3901 1033 3950 celebratis
1045 3902 1149 3964 publice
1161 3901 1257 3951 estibus
1265 3901 1343 3964 ludis,

233 3973 337 4021 taminia
350 3989 400 4021 rex
418 3975 450 4022 ad
468 3975 628 4037 gymnasium
644 3983 766 4039 spectare
808 3984 835 4027 et
846 3978 1009 4041 Reipublicae
1028 3986 1126 4040 sumtu,
1143 3977 1182 4026 his
1201 3984 1342 4027 contentus

233 4049 319 4111 potius
330 4048 527 4115 videtur‚quam
539 4051 572 4099 ad
585 4066 697 4099 scenam.
715 4052 768 4101 Sed
808 4056 930 4118 populus,
940 4070 993 4106 non
1002 4056 1071 4105 ultra
1081 4052 1222 4119 flagitasset
1233 4052 1310 4105 ludos
1325 4051 1356 4102 ι’

233 4134 262 4175 et
280 4125 306 4175 in
324 4140 401 4183 scena
417 4127 474 4190 ipsa
493 4134 625 4178 certamen
636 4126 768 4192 quoddam
806 4130 926 4194 privatis.

234 4201 361 4254 victorie.
376 4204 480 4268 Lipsius.
