2984 4850
255 396 345 463 atla
612 405 644 453 c.
666 402 848 451 corunnrr
869 400 1017 451 ricrrr·
1130 434 1134 438 -
1197 406 1357 471 (susm,

261 572 267 597 ··
302 552 357 617 81.
378 549 466 617 Turn
479 548 697 629 interrogante
717 550 923 624 accusatore,
936 551 948 584 ⁴
961 567 1003 611 an
1019 540 1139 611 -cnltus¹
1151 547 1292 623 dotales,
1312 563 1356 610 an

263 654 445 717 deuectum
455 649 578 713 cervici
590 649 713 713 monile
726 668 848 714 venum
864 648 1023 726 dodisset,
1039 666 1105 732 qno
1120 650 1292 731 pecuniam
1306 649 1356 713 ie-

261 755 388 819 ciendis
406 751 549 834 Magicis
574 750 679 814 sacris
703 748 937 813 contraheretl'
959 751 1103 831 primum
1128 756 1232 814 strata
1253 748 1355 825 humi,

259 858 420 937 longoque
433 852 514 916 fletu
528 857 563 915 et
577 851 717 927 silentio,
735 855 824 933 post,
848 845 967 913 altafia
990 860 1023 913 et
1046 868 1137 914 aram
1159 850 1359 931 complexa·

262 963 271 989 ‘
287 954 418 1032 nullos,'
433 950 551 1035 inquit,
568 958 578 985 ‘
593 954 716 1036 impios
731 954 850 1029 Deos,²¹
860 953 968 1015 nullas
978 950 1183 1027 devotiones,
1192 969 1252 1013 nec
1265 950 1357 1015 alind

258 1056 461 1121 infelicibus'
471 1054 628 1136 precibus.
636 1053 802 1129 invocavi,
812 1072 909 1135 quam
919 1058 957 1115 ut
967 1052 1054 1114 hunc
1063 1050 1222 1133 optimum
1230 1055 1356 1131 patrem

258 1165 305 1233 tu,
315 1156 441 1232 Caesar,
450 1138 577 1230 et¹vos,
588 1146 714 1229 Patres,
724 1154 897 1217 servaretis
905 1153 1113 1215 incolumem.
1143 1150 1201 1213 Sic
1212 1168 1358 1232 gemmas

259 1264 291 1322 et
301 1262 411 1322 vestes
424 1260 459 1319 et
470 1255 637 1337 dignitatis
651 1255 795 1333 insignia
808 1254 896 1330 de'di,
916 1252 1094 1335 quomodo,
1118 1252 1148 1315 si
1169 1251 1359 1331 sangninem

261 1366 294 1422 et
306 1358 411 1421 vitam
426 1357 669 1438 poposcissent.
706 1354 860 1418 Viderint
873 1353 963 1430 isti,'
978 1354 1115 1416 antebac
1131 1352 1233 1415 mibi²
1246 1352 1358 1434 ignoti,

260 1478 328 1541 quo
341 1458 473 1521 nomine
487 1458 564 1532 sint,
579 1476 661 1539 quas
676 1461 763 1518 artes
777 1460 971 1519 exerceant:
994 1454 1083 1517 nulia
1097 1454 1178 1517 mihi
1193 1453 1359 1536 Principis

259 1561 393 1634 mentio,
410 1558 473 1621 nisi
495 1560 579 1620 inter
595 1556 842 1621 Numina¹fnit
881 1555 1002 1621 Nescit
1024 1564 1133 1621 tamen
1155 1553 1359 1617 miserrimus

259 1666 370 1739 pater:
392 1661 436 1733 et,
448 1658 477 1720 si
493 1658 615 1720 crimen
630 1665 691 1734 est,
708 1658 780 1721 sola
795 1657 945 1740 deliqui.'

295 1820 355 1871 Tum
363 1823 494 1884 mebris
506 1829 653 1880 necantem
670 1836 730 1871 unrn
746 1822 797 1886 ipss
807 1823 966 1872 vendidisset
976 1821 1251 1883 ornamenta'dolalis,
1266 1836 1326 1872 nnrn
1337 1827 1362 1871 et

262 1894 377 1935 exemtas
388 1888 456 1935 coilo
469 1901 591 1949 gemmas,
602 1893 632 1935 nt
643 1893 749 1947 peraret
766 1889 901 1950 pecuniam
920 1887 954 1936 ad
974 1887 1080 1949 Msgica
1099 1901 1172 1935 sacra
1188 1884 1362 1935 celebranda?

262 1948 371 1997 Primam
386 1950 476 2008 objectu
492 1951 558 1999 dumi
575 1956 598 1998 et
619 1950 693 2011 effusa
704 1952 729 1999 is
741 1954 865 2014 iacrymas,
880 1951 1062 2013 longoeilestio,
1080 1966 1144 2012 mox,
1163 1951 1362 1999 dioriaetarsas

263 2012 380 2061 manibus
392 2015 513 2076 conplexa:
531 2015 620 2074 Nulla,
632 2014 720 2076 inquit,
731 2015 798 2063 mala
809 2015 935 2062 infestare
948 2015 1050 2062 nurnine
1067 2014 1210 2076 imploravi,
1221 2014 1305 2062 nullas
1317 2013 1362 2061 im·

262 2076 426 2139 precationes
444 2082 486 2125 sat
497 2077 563 2125 dirus
576 2092 653 2139 preces
662 2078 713 2138 egi,
731 2092 782 2125 nec
793 2078 861 2126 alind
879 2077 999 2127 infaustis
1009 2078 1076 2125 votis
1087 2079 1168 2138 orari,
1179 2092 1256 2141 quarn
1276 2084 1306 2125 nt
1324 2085 1362 2137 tn,

261 2141 392 2201 princeps,
411 2145 438 2188 et
451 2154 503 2200 vos,
516 2147 613 2202 patres,
621 2141 679 2189 hnic
689 2141 823 2189 carissimo
836 2142 904 2204 patri
915 2143 995 2189 vitam
1005 2141 1151 2190 servaretis.
1182 2142 1226 2189 Sic
1237 2140 1300 2190 dedi
1311 2154 1362 2188 ruo·

259 2202 322 2262 nile,
340 2204 377 2251 sic
395 2205 481 2251 cuitus
499 2212 527 2251 et
544 2204 679 2267 dignitatis
697 2211 857 2266 ornamenta,
868 2204 1083 2268 quemadmodum
1094 2212 1122 2253 et
1131 2206 1245 2253 dedissem
1260 2204 1361 2267 sangni-

261 2280 329 2327 nem,
340 2268 362 2315 si
373 2281 388 2315 a
399 2281 439 2315 me
451 2268 635 2330 postulassent.
660 2268 774 2317 Videant
787 2269 840 2325 isti,
857 2269 918 2316 mibi
934 2276 1011 2317 antea
1028 2268 1163 2331 incogniti,
1181 2268 1250 2332 qnod
1269 2281 1361 2316 nomen

260 2329 383 2389 habeant,
394 2339 422 2379 et
441 2345 504 2394 quas
523 2339 593 2380 artes
613 2329 791 2394 profiteantur.
824 2334 881 2395 Ego
892 2332 927 2380 de
936 2332 1052 2394 principe
1062 2332 1126 2379 nibil
1134 2333 1237 2393 cogam
1247 2338 1288 2380 sai
1299 2330 1360 2391 disi,

261 2393 388 2444 nisiinter
400 2395 585 2458 Deossaperos.
619 2395 649 2444 Id
666 2401 752 2446 tamen
768 2396 871 2459 ignorat
882 2404 958 2459 pater
969 2396 1175 2457 infelicissimus3
1190 2403 1219 2446 et
1237 2398 1292 2460 ipsa
1307 2392 1359 2444 sola

261 2459 345 2508 scelus
357 2458 458 2521 admisi,
470 2460 490 2508 si
500 2460 583 2509 scelus
594 2466 643 2508 est.

294 2659 308 2728 .¹
330 2653 384 2715 Vos,
391 2659 473 2718 putres
481 2657 608 2720 [Brotier.
619 2657 697 2720 legit:
715 2655 754 2720 et]
770 2658 807 2708 sio
816 2659 882 2708 bene
891 2660 957 2708 Mss.
966 2659 1035 2708 Fior.
1045 2660 1110 2722 Reg.
1120 2656 1184 2722 Agr.
1194 2658 1274 2708 Corb.
1283 2657 1361 2708 editio

263 2729 395 2827 ff'n‘3⁰¹'⁸’
406 2721 571 2829 egoliylolriuq
580 2722 620 2783 [et
632 2722 750 2784 Bipont.]
766 2723 922 2772 Puteolanus
934 2725 1052 2800 copulam
1063 2723 1173 2786 addidit,
1184 2727 1208 2771 et
1219 2738 1267 2798 vqs,
1275 2729 1362 2797 potres.

262 2787 381 2918 cliiii
392 2857 441 2893 ..ου
449 2783 596 2908 tttttf‘
606 2784 844 2898 tilittlr'itt
854 2786 954 2900 {itit
967 2789 1108 2914 tls?
1115 2794 1255 2900 stitit
1266 2793 1363 2916 titt

263 2905 319 2954 Hos
331 2919 399 2955 etum
411 2916 562 2972 presentes,
574 2916 717 2975 testesque,
729 2918 775 2962 aut
787 2928 854 2977 reor,
862 2915 1033 2965 monstrabat.
1066 2915 1174 2964 Brotier.

755 3033 861 3083 NOTAE

294 3121 407 3172 tAltaria
423 3128 446 3174 ei
462 3139 528 3172 arom
545 3125 674 3188 comissa]
698 3127 793 3177 Utrum
833 3142 921 3178 earnm
936 3130 1031 3193 esitus,
1047 3140 1075 3182 et
1092 3147 1171 3182 causa
1190 3134 1265 3184 exitii
1283 3132 1363 3196 tuere,

261 3211 330 3245 aram
342 3197 468 3248 Victoria
493 3201 625 3264 inteiligit,
646 3215 705 3265 qnae
732 3209 794 3252 ante
832 3204 1014 3266 iicetpietatis
1030 3208 1256 3272 suimoensceptoe
1268 3217 1363 3259 aaut.

262 3273 386 3322 Curiam?
403 3273 446 3323 An
457 3276 549 3324 altaria
560 3282 588 3324 et
600 3291 670 3324 aram
682 3277 793 3327 Veneris
864 3285 881 3309 '¹
901 3279 1012 3328 Viderint
1028 3281 1081 3342 isti]
1108 3281 1211 3345 Nempe
1228 3285 1302 3347 Magi
1318 3284 1364 3345 illl,

260 3348 401 3411 genitricis,
416 3350 442 3398 in
462 3351 535 3413 cnjus
553 3351 651 3414 templo
669 3365 737 3401 nnnc
756 3367 794 3402 se·
833 3353 917 3420 quiet
936 3354 977 3403 bic
996 3353 1065 3405 forte
1082 3365 1226 3420 presentes
1246 3359 1364 3422 adorant,

261 3424 353 3472 natus?
370 3421 478 3488 Lipsius.
497 3443 499 3449 ’
511 3427 552 3475 De
567 3427 691 3477 alteribus
709 3434 737 3477 et
748 3444 793 3480 ara
833 3438 860 3479 et
870 3445 930 3480 cum
941 3432 1029 3494 puelia
1038 3433 1237 3496 comportasse
1248 3435 1365 3490 contron-

261 3499 371 3547 Veueris
391 3501 479 3563 potius
499 3502 653 3566 intelligam,
675 3519 733 3568 quae
752 3520 793 3554 co·
834 3507 890 3557 tati.
1283 3519 1288 3525 '

262 3587 317 3621 ram
330 3575 458 3625 astabant.
865 3591 878 3616 ¹
895 3584 964 3632 inter
976 3584 1093 3647 Nasrisn]
1108 3586 1233 3645 Vertnnt,
1242 3587 1316 3651 qnasi
1328 3587 1365 3649 ip·

293 3650 411 3712 uimpios
423 3651 497 3714 Deos]
517 3651 647 3715 Intonsos,
668 3656 710 3718 qui
727 3655 794 3704 ioco·
834 3660 1021 3722 sadiceret,se
1041 3661 1136 3708 nnllam
1156 3662 1313 3712 mendenen
1328 3661 1364 3710 fa·

260 3727 346 3773 eamr
361 3727 468 3789 magicis
487 3729 597 3786 artibus,
614 3737 642 3778 et
657 3730 794 3792 impiorum
834 3736 901 3783 cisse
920 3735 952 3782 de
975 3735 1104 3798 principe,
1122 3736 1172 3786 nisi
1189 3744 1310 3802 tanquan
1329 3737 1362 3786 de

260 3797 418 3850 facinoribus
440 3803 642 3868 sceleribusque,
671 3821 743 3869 saepe
764 3814 792 3856 ct
832 3812 901 3859 Deo.
932 3810 984 3859 Sed
999 3809 1170 3860 salsosensu:
1188 3813 1302 3862 nondun
1315 3813 1363 3861 Di·

261 3874 325 3923 diris
339 3877 500 3927 caeriuroniis.
833 3901 878 3934 vus
891 3893 947 3934 erat
958 3886 1040 3948 Nero,
1051 3894 1081 3935 nt
1092 3887 1136 3950 qui
1145 3887 1257 3938 viveret.
1289 3890 1364 3940 Dicit

294 3949 471 4016 'Infelicibnd
490 3953 687 4014 infelicesvocnt
705 3972 793 4020 preces,
832 3975 860 4009 se
891 3961 975 4010 nullos
1003 3962 1095 4024 impios
1128 3963 1199 4013 Deos
1231 3965 1364 4015 invocasse

261 4025 373 4089 velquia
392 4038 520 4092 susceptae
539 4030 563 4076 io
582 4032 730 4080 calamitate
750 4047 792 4096 pa·
831 4039 953 4084 adversus
990 4037 1151 4100 principem,
1192 4046 1222 4088 ot
1254 4054 1283 4090 se
1309 4048 1363 4090 tan·

263 4099 413 4162 triqvelob
433 4104 524 4168 Magos
542 4121 557 4154 a
573 4107 664 4170 qrribns
682 4108 793 4171 decepta
833 4120 886 4159 rom
910 4111 944 4159 de
969 4111 1013 4158 illo
1046 4113 1170 4176 locutam,
1197 4113 1259 4162 dnm
1291 4117 1363 4166 Deos

262 4183 330 4239 erat,
351 4177 393 4225 vel
415 4179 475 4242 quia
495 4177 586 4230 infelix
613 4180 792 4248 infaustaeque
832 4186 949 4237 coelestes
971 4186 1110 4252 nvoesrer,
1125 4189 1186 4238 dnm
1202 4203 1296 4254 preces
1314 4191 1362 4256 piis
