2984 4850
171 350 346 420 r.eas.]·‘
508 341 732 403 ,insanivit
756 346 829 401 bru.
853 345 919 399 xv.
1192 325 1281 404 itas

173 486 490 578 interpretabantu13
520 495 596 572 ἵιιι,
621 484 747 558 omisso
769 486 1049 576 utrimque‘bello
1075 499 1111 594 et
1135 483 1276 562 abeunte

173 594 352 678 Vologese,
380 595 562 677 'tigranes’v
592 611 725 678 qnoque
754 594 912 660 Armenia
948 597 1149 662 abscederet.
1209 597 1305 662 Cur

173 699 467 764 enimexercnum‘
480 696 668 762 Romarmm
683 704 718 762 a²
732 698 1196 792 Tigranocertis—deductum
1217 717 1281 764 cur
1326 696 1333 704 ’

174 912 252 977 getis,
262 912 390 976 minisque
402 911 562 962 Corbulonis.
596 910 646 961 stit
656 909 824 975 concipiebant,
838 911 919 962 ducem
937 926 1061 974 regemque
1073 919 1176 962 secreto
1187 926 1278 964 conve·

171 978 240 1031 nisse
251 977 317 1026 inter
329 991 362 1038 se,
380 983 409 1024 ut
426 976 517 1039 positis
534 975 663 1040 utrimque
681 978 768 1038 armis,
783 985 815 1026 -et
832 977 989 1026 abscedente
1007 977 1143 1040 Vologese,
1154 978 1279 1042 Tigranes

173 1042 252 1090 etiam
264 1039 414 1090 Armeniam
426 1039 594 1104 relinqueret.
627 1041 681 1089 Cur
699 1041 768 1088 enim
786 1041 900 1103 legiones
920 1041 996 1090 Rom.
1008 1056 1023 1088 a
1034 1041 1225 1104 Tigranocertis
1236 1043 1280 1128 abss

637 1167 755 1186 concon
758 1167 800 1186 ΙΝ

172 1235 262 1298 (tueri.
273 1253 301 1297 et
312 1246 458 1297 Rhenanus.
491 1247 523 1296 In
534 1247 586 1298 Me.
597 1249 663 1312 Reg.
675 1255 703 1298 et
718 1249 833 1298 editione
847 1249 965 1314 principe
983 1249 1041 1298 dnae
1054 1249 1106 1298 illae
1119 1263 1196 1299 voces
1210 1245 1278 1298 desi·

84 1385 87 1390 ,
172 1313 305 1373 derantur.
336 1311 509 1375 Puteolanus,
524 1317 624 1376 patrata
640 1313 765 1379 magnifica
782 1313 932 1363 candebant.
965 1312 1128 1364 Intraum.
1145 1315 1155 1342 “
1167 1313 1283 1362 orditura
1344 1362 1352 1370 ,

666 1491 777 1544 NouAE

171 1603 312 1667 Romanus,
329 1608 356 1653 et
367 1603 441 1653 simul
455 1617 513 1653 cum
524 1619 557 1654 eo
567 1604 704 1669 Tigranes,
742 1604 865 1666 Tigranes
885 1601 1037 1652 abscederet
1051 1599 1192 1650 Armenia:
1211 1605 1282 1650 atta·

171 1678 216 1742 qui
224 1677 277 1726 vim
296 1677 427 1740 propriam
437 1693 490 1727 uon
506 1679 607 1741 babuit,
618 1679 703 1728 exiret
743 1694 802 1728 nien
814 1686 886 1728 certe
899 1679 924 1727 id
936 1677 1043 1727 factum.
1078 1675 1280 1726 Necaliterbie

170 1749 313 1812 Armenia;
329 1753 418 1816 sicque
433 1755 503 1802 velut
515 1769 548 1802 ex
559 1755 704 1817 composito
723 1815 725 1820 .
744 1756 876 1818 componit
884 1754 1019 1802 historiam
1030 1753 1148 1812 Tacitus,
1155 1765 1233 1814 quam
1244 1764 1278 1802 ex

171 1825 435 1893 differreturbellum‚
443 1838 471 1878 et
479 1829 590 1878 inducia
599 1831 712 1888 interim,
743 1831 914 1890 sermonibus,
941 1837 968 1877 et
996 1843 1029 1876 ex
1058 1825 1279 1890 interpretatione

172 1909 268 1954 essent.
648 1923 650 1931 ¹
714 1903 1056 1969 ‚prudentuurbujnsaevi

204 1977 282 2029 Quod
293 1993 345 2028 uon
354 1993 423 2041 agre
435 1975 540 2042 accepit
551 1981 704 2044 Vologeses,
736 1970 738 1973 ¹
752 1989 753 1994 ’
771 1981 829 2030 Nec
837 1973 957 2042 aliter,ut
966 1985 1039 2042 puto,
1048 1977 1080 2026 ad
1089 1979 1144 2040 ejus
1153 1975 1279 2041 cognitio·

171 2052 205 2103 ob
215 2053 329 2116 inopiam
342 2054 437 2116 pabuli,
446 2053 515 2104 fesso
523 2056 623 2119 equite,
634 2064 663 2106 et
673 2064 703 2106 ut
742 2068 812 2103 nem·
825 2061 981 2118 pervenerat
1004 2053 1112 2101 historia
1132 2053 1199 2102 baec.
1235 2052 1278 2108 ,Et

171 2128 282 2194 spatium
293 2129 401 2178 baberet
407 2130 529 2196 mittendi
536 2132 638 2196 legatos
648 2133 702 2195 Ne·
742 2131 854 2195 quisbue
865 2129 970 2180 foederis
987 2128 1150 2178 conditiones
1167 2126 1277 2189 occultae

171 2204 237 2268 roni,
259 2204 300 2254 vel
322 2206 517 2269 redintegrandi
537 2207 632 2256 bellum
655 2223 702 2271 pro
742 2213 828 2270 erant,
840 2213 867 2256 et
878 2212 1028 2267 manserunt
1043 2212 1163 2265 secretae,
1173 2216 1279 2267 necpa·

170 2281 327 2334 commodos
361 2296 409 2330 nec
436 2280 573 2331 admodum
600 2285 702 2334 curavit
743 2284 794 2331 lam
813 2289 868 2333 turn
888 2283 1017 2346 evulgatae
1035 2280 1175 2344 sunt,qnia
1195 2280 1279 2342 promi

170 2355 293 2414 Corbulo,
313 2355 357 2419 qui
379 2363 534 2420 expectaret
553 2357 647 2408 ducem
666 2374 700 2408 ex
740 2357 768 2406 in
786 2358 878 2420 vulgus
889 2359 960 2418 talia,
977 2371 1024 2406 nec
1042 2354 1155 2418 Reipub.
1167 2361 1218 2415 est,
1229 2345 1286 2404 nec¹

170 2430 254 2494 Urbe,
263 2437 291 2481 et
301 2446 344 2481 res
355 2433 470 2496 integras
486 2434 538 2497 ipsi
553 2436 702 2500 relinquere
742 2434 876 2497 principis.
910 2433 1015 2481 Idcirco
1033 2446 1082 2481 nec
1094 2431 1173 2480 etiam
1185 2430 1224 2479 rei
1235 2444 1279 2479 ve·

168 2508 271 2570 rusluit,
287 2522 368 2571 guam
387 2508 458 2558 adire
479 2507 541 2559 belli
562 2510 700 2561 discrimen
740 2509 846 2558 ritatem
862 2510 992 2573 propalat,
1013 2514 1060 2558 aut
1080 2506 1143 2555 satis
1162 2503 1277 2555 affirmat

166 2581 288 2646 injussus.
308 2596 326 2600 ¹·
675 2600 677 2605 ’
740 2584 857 2635 Tacitus.
946 2602 948 2606 ¹

166 2686 170 2695 ι
200 2657 328 2708 Attamen
340 2659 464 2723 flagitium
483 2662 557 2711 ducis
573 2662 700 2714 Rauda·
741 2692 745 2699 ·
773 2658 899 2709 Etsolum
912 2660 1019 2723 exponit
1036 2658 1129 2708 sarnam
1145 2656 1277 2722 ambigue,

167 2733 219 2784 isse
231 2735 359 2797 rideatur,
370 2737 437 2800 quod
448 2738 571 2802 'tigranes
583 2752 629 2788 rex
639 2740 700 2789 ami·
740 2741 771 2785 ut
781 2736 900 2799 ambigua
918 2743 986 2799 erat,
995 2736 1160 2799 rationesque
1175 2734 1236 2784 binc
1249 2742 1278 2785 et

167 2820 214 2859 ens
225 2817 254 2859 et
264 2811 348 2860 accim
362 2811 534 2863 Romanorum
551 2813 699 2865 Armeniam
740 2812 802 2861 inde
825 2814 956 2875 proponit,
978 2811 1069 2877 quibus
1086 2811 1130 2859 alii
1147 2810 1190 2859 isti
1207 2810 1279 2859 evius

164 2884 264 2935 &num
275 2888 365 2950 populi
381 2890 456 2939 Rom.
473 2890 622 2951 desereret3
639 2893 701 2957 qnia
740 2894 814 2949 cunt,
826 2889 930 2937 occulte
948 2888 1057 2937 inuicem
1073 2888 1135 2935 talia
1147 2884 1277 2949 pepigisse

166 2974 263 3025 nempe
279 2962 397 3013 demitur
413 2963 465 3014 tuit
486 2980 503 3014 a
523 2966 607 3016 mtute
624 2968 699 3017 lton
740 2965 838 3027 Regem
850 2970 877 3011 et
888 2962 1068 3017 Corbulonem·

166 3037 213 3100 qui
230 3038 390 3089 abscedebat
406 3040 432 3087 in
444 3041 655 3106 Cappadociae:
672 3049 700 3093 et
773 3046 784 3080 ¹
798 3036 925 3099 tigranes]
939 3038 1015 3085 Forte
1027 3037 1059 3085 de
1071 3036 1115 3084 illo
1127 3035 1190 3084 nibil
1202 3036 1276 3099 pepi·

167 3112 328 3165 hocverum.
692 3131 694 3135 ⁸
740 3120 832 3175 gerant
851 3126 984 3174 expresse,
1007 3110 1052 3159 sed
1076 3108 1221 3160 sufficiebat
1241 3112 1276 3161 ad

198 3187 253 3237 Sed
270 3188 394 3239 Monetas
412 3190 548 3255 'tigranem
568 3192 700 3251 obsessum
738 3187 813 3236 illum
835 3184 1038 3247 destituendum,
1065 3184 1144 3235 fuisse
1173 3186 1275 3239 silentio

165 3264 335 3328 clausumque
344 3266 465 3327 babebat,
475 3268 567 3318 adast
577 3270 634 3333 ipae
643 3284 701 3329 m,
739 3264 917 3326 praeteritum:
936 3268 965 3311 et
986 3263 1048 3310 satis
1071 3262 1151 3311 tacite
1174 3262 1208 3313 de
1229 3261 1275 3313 illo

166 3340 277 3403 urgebat
296 3355 329 3389 ex
349 3344 505 3407 propinquo,
520 3344 641 3407 Juvabat‚
663 3346 701 3394 in·
739 3338 885 3389 abdie'ando
907 3346 1084 3388 convenerant
1104 3352 1149 3387 rex
1171 3344 1199 3388 et
1221 3339 1275 3389 dux
1300 3398 1305 3407 r

163 3412 263 3477 stabat,
273 3415 461 3482 ingruebatque
473 3426 530 3468 tora
539 3422 606 3469 mole
617 3420 697 3472 belli:
739 3418 880 3479 Romanus,
891 3430 948 3466 cnm
961 3415 1068 3465 daretur
1080 3416 1190 3465 facultas
1210 3418 1275 3467 Par·

162 3504 216 3540 nec
225 3490 284 3539 sinc
295 3492 443 3542 discrimine
458 3496 554 3558 prelii,
565 3502 611 3545 aut
621 3502 699 3561 pacto
739 3493 785 3542 tbo
803 3492 924 3541 mittendi
944 3492 1050 3539 Romam
1070 3492 1171 3553 lagatos
1183 3492 1216 3540 de
1227 3504 1274 3555 pce

161 3565 329 3615 induciarum
349 3569 437 3632 adano
454 3570 545 3634 repelli
565 3578 641 3622 muta
659 3571 699 3622 vis
739 3570 820 3631 tenda
831 3568 963 3618 Armenia.
997 3570 1032 3617 Et
1048 3567 1114 3617 baud
1126 3568 1205 3619 dubie
1217 3574 1273 3618 tum

165 3643 263 3705 potuit.
738 3644 863 3694 abscessit
881 3643 1004 3693 Armenia
1020 3645 1154 3707 Tigranes,
1173 3655 1231 3695 curn
1247 3656 1276 3695 e·

162 3735 167 3763 ³
197 3718 276 3771 Quod
286 3718 426 3769 discrimen
437 3719 525 3770 subire
540 3722 625 3772 noluit
638 3723 699 3773 corz
739 3722 803 3769 tiam
825 3718 951 3769 abscessit
976 3720 1098 3782 Parthus,
1125 3720 1188 3769 licet
1208 3716 1273 3768 nibil

159 3792 240 3857 bulo,
258 3794 357 3857 injussu
377 3796 497 3859 casuris,
510 3790 538 3847 et
556 3800 601 3862 qni
619 3800 698 3849 alium
738 3803 829 3859 aperte
841 3794 990 3858 pronuntiet
1000 3796 1113 3845 Tacitus.
1142 3797 1272 3845 Nemees

165 3869 268 3928 ducein,
279 3874 532 3936 novaqueruandata
549 3889 565 3924 s
581 3876 698 3940 principe
737 3882 766 3923 te
786 3880 877 3936 postea
893 3872 964 3922 nulla
984 3873 1082 3923 mentio
1103 3871 1221 3935 Tigranis
1243 3869 1273 3919 in

160 3945 474 4013 expectabat,quisaepe
485 3952 698 4003 metueudnsma·
736 3948 857 3999 historia.
911 3966 912 3971 ¹
1246 3954 1247 3957 ’

165 4021 294 4085 gisqnam
303 4022 398 4071 bostis.
434 4065 438 4069 a
554 4044 559 4049 ·
770 4022 952 4086 'Eserritsrnl
971 4022 1100 4086 Intelliglt
1119 4021 1182 4069 irritis
1200 4020 1272 4081 legis·

154 4116 162 4146 ,τ
199 4097 296 4146 Ocsslts
319 4098 438 4161 pepigisse
469 4100 697 4166 momumento]
736 4100 825 4163 amos,
845 4107 874 4151 et
891 4102 942 4149 atas
960 4094 1272 4160 coionesgssassiiiorisrs

155 4173 225 4226 sive
233 4175 332 4242 mstis,
340 4175 398 4225 sive
406 4176 487 4227 aliter
497 4178 657 4245 pepigerint,
666 4187 697 4231 ut
736 4176 810 4227 datas
817 4176 929 4241 primum
936 4173 994 4237 regi
999 4170 1124 4235 migrauit
1137 4170 1198 4232 deig
1205 4170 1271 4224 dsas
