2984 4850
375 678 446 859 c.
477 718 811 813 coaNnnn
847 720 1077 815 mem

573 892 576 897 ’
709 930 759 983 ιιι

418 1114 661 1195 Excussi]
683 1119 801 1195 DIVI
820 1120 1055 1199 AUGUSTI

189 1388 1159 1572 ΙΑΝΝΑιιυΜ

394 1733 561 1813 LIBER
579 1732 787 1814 SEXTUS
808 1734 1071 1815 DECIMUS.

606 1998 880 2017 m

604 2020 881 2047 m
961 2018 964 2024 “

494 2227 810 2296 BREVIARIUM
831 2226 978 2295 LIBRI.

193 2485 197 2490 ,
229 2415 317 2482 Car.
334 2418 366 2482 1.
380 2418 414 2482 9.
437 2416 553 2484 Illudit
566 2418 696 2483 fortuna
720 2417 860 2482 vanitati
881 2416 1028 2482 Neronis
1046 2437 1108 2501 per
1129 2416 1284 2499 Bassum)

184 2518 243 2600 qui
257 2519 448 2582 thesaurum
461 2519 496 2584 in
510 2513 674 2583 Numidia
684 2517 854 2582 defossum
866 2516 989 2600 jactat,
1006 2538 1105 2600 quem
1134 2519 1169 2583 3.
1192 2518 1286 2584 Nero

181 2618 309 2682 trustra
322 2619 451 2701 quaerit.
486 2620 520 2683 4.
543 2618 685 2683 Lustrali
700 2620 878 2684 certamine
890 2618 1031 2682 victuma
1042 2625 1160 2684 cantus
1174 2620 1288 2686 oblata

183 2715 323 2794 Neroni,
348 2722 382 2781 et
405 2738 539 2783 corona¹
552 2718 732 2783 facundiae.
774 2719 807 2782 5.
830 2717 873 2782 In
890 2737 932 2781 eo
947 2720 1140 2801 spectaculo
1154 2719 1287 2783 audite-

183 2835 260 2880 rum
273 2818 427 2883 mclestia
440 2823 473 2882 et
486 2819 690 2901 Vespasiani
704 2817 899 2901 periculum.
936 2819 970 2884 6.
993 2821 1184 2902 Pcppaeam
1196 2839 1287 2886 mor·
1323 2808 1330 2822 ‘

183 2923 275 2983 tuam
289 2919 405 2983 laudat
424 2919 512 2984 Nero
526 2921 618 3002 apud
631 2926 749 2985 rostra

226 3019 324 3083 7-9.
346 3019 442 3082 Pulsi
456 3019 638 3084 Cassiuset
652 3020 786 3084 Silanus
799 3026 968 3084 necantur.
1012 3019 1067 3081 19.
1089 2967 1143 3085 11
1164 3016 1205 3080 J..
1218 3015 1287 3080 Ve-

184 3123 237 3182 tus
251 3138 328 3182 cum
343 3119 461 3183 Sextia
475 3139 572 3184 socru
595 3126 629 3182 et
642 3120 792 3184 Pollutia
805 3120 982 3203 filiaperit
1025 3117 1078 3181 12
1101 3115 1287 3182 Accusato-

184 3217 230 3281 ris
244 3221 395 3303 praemia.
441 3219 611 3283 Mensium
634 3239 723 3284 nova
745 3221 891 3284 nomina.
935 3219 990 3282 13.
1013 3218 1158 3283 Turbine
1172 3223 1287 3284 venta-

183 3337 258 3382 rum
271 3325 401 3384 vastata
416 3317 615 3401 Campania.
646 3319 854 3384 Pestilentia.
886 3318 1139 3401 Lugdunensem
1156 3318 1287 3382 cladem

184 3417 349 3503 Princeps
364 3420 500 3485 solatur.
544 3422 599 3486 14.
619 3422 671 3485 15.
687 3421 819 3484 Susiani
832 3420 948 3484 fraude
962 3419 1195 3482 Chaldaeorum
1209 3438 1289 3483 con·

185 3518 338 3598 cultores,
365 3520 405 3582 P.
429 3519 572 3585 Anteius
597 3526 629 3585 et
658 3520 813 3586 Ostorius
838 3519 999 3602 Scapula,
1026 3517 1127 3581 delati
1150 3523 1287 3582 mortem

179 3617 271 3701 jussi
294 3625 485 3702 properant.
537 3620 593 3684 16.
614 3619 726 3684 Taciti
752 3635 853 3702 super
876 3626 926 3683 tot
955 3618 1106 3682 cladibus
1125 3617 1287 3700 querelae.
1327 3680 1331 3686 ,

185 3719 240 3783 17.
263 3717 384 3782 Rufius
400 3717 574 3802 Crispinus
590 3725 728 3784 coactus
753 3739 790 3782 se
809 3721 969 3783 interficit.
1013 3719 1118 3782 Mella
1134 3718 1228 3782 salus
1245 3708 1288 3781 li-

183 3817 263 3881 teris
278 3821 531 3894 circumventus,
546 3821 711 3908 similique
727 3826 797 3882 arte
808 3819 962 3883 Cerialis.
1006 3820 1136 3882 18.19.
1159 3815 1287 3881 dre-

183 3919 323 3994 tronius,
337 3918 466 3984 erudito
485 3919 691 3997 luxuriatae,
705 3894 861 4000 Tigellini
874 3920 1003 3985 invidia
1023 3936 1159 3994 exosae,
1181 3935 1287 3980 venas

184 4019 251 4082 sibi
265 4019 382 4082 incidit
383 4019 535 4103 ,flagitia
551 4019 701 4104 Principi
723 4018 888 4087 codicillis
901 4021 1100 4105 exprobrat.
1128 4016 1184 4081 99.
1207 4015 1287 4082 inde

183 4118 278 4185 Siliae
293 4119 441 4185 exilium.
