<?xml version="1.0" encoding="UTF-8"?>
<!DOCTYPE html PUBLIC "-//W3C//DTD XHTML 1.0 Transitional//EN"
    "http://www.w3.org/TR/xhtml1/DTD/xhtml1-transitional.dtd">
<html xmlns="http://www.w3.org/1999/xhtml" xml:lang="en" lang="en">
 <head>
  <title>
</title>
<meta http-equiv="Content-Type" content="text/html;charset=utf-8" />
  <meta name='ocr-system' content='tesseract 3.04.00' />
  <meta name='ocr-capabilities' content='ocr_page ocr_carea ocr_par ocr_line ocrx_word'/>
</head>
<body>
  <div class='ocr_page' id='page_1' title='image "./ccorneliitaciti03unkngoog_0427.png"; bbox 0 0 2984 4850; ppageno 0'>
   <div class='ocr_carea' id='block_1_1' title="bbox 410 172 639 287">
    <p class='ocr_par' dir='ltr' id='par_1_1' title="bbox 410 172 639 287">
     <span class='ocr_line' id='line_1_1' title="bbox 457 172 467 219; baseline 0 0"><span class='ocrx_word' id='word_1_1' title='bbox 457 172 467 219; x_wconf 77' lang='lat' dir='ltr'><strong>i</strong></span> 
     </span>
     <span class='ocr_line' id='line_1_2' title="bbox 410 220 639 287; baseline 0 -21"><span class='ocrx_word' id='word_1_2' title='bbox 410 220 473 266; x_wconf 68' lang='lat' dir='ltr'><strong>td</strong></span> <span class='ocrx_word' id='word_1_3' title='bbox 625 252 639 287; x_wconf 46' lang='grc' dir='ltr'><strong>ι</strong></span> 
     </span>
    </p>
   </div>
   <div class='ocr_carea' id='block_1_2' title="bbox 393 273 474 361">
    <p class='ocr_par' dir='ltr' id='par_1_2' title="bbox 393 273 474 361">
     <span class='ocr_line' id='line_1_3' title="bbox 393 273 474 301; baseline 0.012 -17"><span class='ocrx_word' id='word_1_4' title='bbox 393 285 397 300; x_wconf 57' lang='lat' dir='ltr'><strong>p</strong></span> <span class='ocrx_word' id='word_1_5' title='bbox 444 273 474 301; x_wconf 39' lang='lat' dir='ltr'><strong>lii</strong></span> 
     </span>
     <span class='ocr_line' id='line_1_4' title="bbox 401 313 459 348; baseline 0 0"><span class='ocrx_word' id='word_1_6' title='bbox 401 337 405 348; x_wconf 75' lang='grc' dir='ltr'>ι</span> <span class='ocrx_word' id='word_1_7' title='bbox 427 313 459 346; x_wconf 51' lang='lat' dir='ltr'><strong>¹lk</strong></span> 
     </span>
     <span class='ocr_line' id='line_1_5' title="bbox 403 352 406 361; baseline 0 0"><span class='ocrx_word' id='word_1_8' title='bbox 403 352 406 361; x_wconf 61' lang='lat' dir='ltr'><strong>t</strong></span> 
     </span>
    </p>
   </div>
   <div class='ocr_carea' id='block_1_3' title="bbox 150 362 1247 491">
    <p class='ocr_par' dir='ltr' id='par_1_3' title="bbox 150 362 1247 491">
     <span class='ocr_line' id='line_1_6' title="bbox 150 362 1247 491; baseline -0.018 -26"><span class='ocrx_word' id='word_1_9' title='bbox 150 408 284 473; x_wconf 60' lang='lat' dir='ltr'><strong>ncne]</strong></span> <span class='ocrx_word' id='word_1_10' title='bbox 332 396 347 491; x_wconf 56' lang='lat' dir='ltr'><strong>l</strong></span> <span class='ocrx_word' id='word_1_11' title='bbox 380 362 447 477; x_wconf 41' lang='lat' dir='ltr'><strong>,rip</strong></span> <span class='ocrx_word' id='word_1_12' title='bbox 486 402 695 453; x_wconf 70' lang='lat' dir='ltr'><strong>annuerunt</strong></span> <span class='ocrx_word' id='word_1_13' title='bbox 720 403 795 457; x_wconf 81' lang='lat' dir='ltr'><strong>arn.</strong></span> <span class='ocrx_word' id='word_1_14' title='bbox 816 404 878 453; x_wconf 80' lang='lat' dir='ltr'><strong>xv.</strong></span> <span class='ocrx_word' id='word_1_15' title='bbox 1158 388 1247 456; x_wconf 63' lang='grc' dir='ltr'><em>Μ</em></span> 
     </span>
    </p>
   </div>
   <div class='ocr_carea' id='block_1_4' title="bbox 151 509 1248 829">
    <p class='ocr_par' dir='ltr' id='par_1_4' title="bbox 151 509 1248 829">
     <span class='ocr_line' id='line_1_7' title="bbox 153 509 1248 646; baseline -0.004 -31"><span class='ocrx_word' id='word_1_16' title='bbox 153 567 199 624; x_wconf 85' lang='lat' dir='ltr'><strong>ae,</strong></span> <span class='ocrx_word' id='word_1_17' title='bbox 213 552 223 581; x_wconf 88' lang='lat'>‘</span> <span class='ocrx_word' id='word_1_18' title='bbox 235 552 283 614; x_wconf 83' lang='lat' dir='ltr'><strong>ut⁵</strong></span> <span class='ocrx_word' id='word_1_19' title='bbox 297 509 458 629; x_wconf 67' lang='lat' dir='ltr'><strong>oedipum</strong></span> <span class='ocrx_word' id='word_1_20' title='bbox 474 545 518 646; x_wconf 93' lang='grc' dir='ltr'><strong>Ρ.</strong></span> <span class='ocrx_word' id='word_1_21' title='bbox 534 544 674 611; x_wconf 66' lang='lat' dir='ltr'><strong>Neroni*1</strong></span> <span class='ocrx_word' id='word_1_22' title='bbox 688 564 789 628; x_wconf 80' lang='lat' dir='ltr'><strong>quom</strong></span> <span class='ocrx_word' id='word_1_23' title='bbox 802 547 993 610; x_wconf 67' lang='lat' dir='ltr'><strong>munima</strong></span> <span class='ocrx_word' id='word_1_24' title='bbox 1000 546 1135 630; x_wconf 84' lang='lat' dir='ltr'><strong>publiea</strong></span> <span class='ocrx_word' id='word_1_25' title='bbox 1142 537 1248 629; x_wconf 88' lang='lat' dir='ltr'><strong>peon·</strong></span> 
     </span>
     <span class='ocr_line' id='line_1_8' title="bbox 152 636 1245 731; baseline -0.002 -17"><span class='ocrx_word' id='word_1_26' title='bbox 152 649 217 717; x_wconf 63' lang='lat' dir='ltr'><strong>ninv</strong></span> <span class='ocrx_word' id='word_1_27' title='bbox 235 646 431 731; x_wconf 67' lang='lat' dir='ltr'><strong>poneretur?</strong></span> <span class='ocrx_word' id='word_1_28' title='bbox 485 636 585 725; x_wconf 78' lang='lat' dir='ltr'><strong>Quod</strong></span> <span class='ocrx_word' id='word_1_29' title='bbox 611 638 743 728; x_wconf 83' lang='lat' dir='ltr'><strong>quidem</strong></span> <span class='ocrx_word' id='word_1_30' title='bbox 770 647 827 710; x_wconf 86' lang='lat' dir='ltr'><strong>ille</strong></span> <span class='ocrx_word' id='word_1_31' title='bbox 856 646 1059 723; x_wconf 83' lang='lat' dir='ltr'><strong>deoernebot,</strong></span> <span class='ocrx_word' id='word_1_32' title='bbox 1088 654 1245 731; x_wconf 81' lang='lat' dir='ltr'><strong>tanquam</strong></span> 
     </span>
     <span class='ocr_line' id='line_1_9' title="bbox 151 746 1245 829; baseline 0.001 -18"><span class='ocrx_word' id='word_1_33' title='bbox 151 749 284 812; x_wconf 83' lang='lat' dir='ltr'><strong>mortale</strong></span> <span class='ocrx_word' id='word_1_34' title='bbox 297 748 465 829; x_wconf 80' lang='lat' dir='ltr'><strong>fastigium</strong></span> <span class='ocrx_word' id='word_1_35' title='bbox 477 766 611 829; x_wconf 83' lang='lat' dir='ltr'><strong>egresso</strong></span> <span class='ocrx_word' id='word_1_36' title='bbox 622 754 654 810; x_wconf 90' lang='lat' dir='ltr'><strong>et</strong></span> <span class='ocrx_word' id='word_1_37' title='bbox 664 747 907 810; x_wconf 84' lang='lat' dir='ltr'><strong>venerationem</strong></span> <span class='ocrx_word' id='word_1_38' title='bbox 921 746 1103 811; x_wconf 83' lang='lat' dir='ltr'><strong>hominum⁶</strong></span> <span class='ocrx_word' id='word_1_39' title='bbox 1117 749 1245 828; x_wconf 84' lang='lat' dir='ltr'><strong>merito,</strong></span> 
     </span>
    </p>
   </div>
   <div class='ocr_carea' id='block_1_5' title="bbox 149 904 1249 1105">
    <p class='ocr_par' dir='ltr' id='par_1_5' title="bbox 149 904 1249 1105">
     <span class='ocr_line' id='line_1_10' title="bbox 150 904 1249 969; baseline 0 -16"><span class='ocrx_word' id='word_1_40' title='bbox 150 906 615 967; x_wconf 69' lang='lat' dir='ltr'><strong>nmmumprorstmeoertnrtm,</strong></span> <span class='ocrx_word' id='word_1_41' title='bbox 626 912 657 954; x_wconf 91' lang='lat' dir='ltr'><strong>ut</strong></span> <span class='ocrx_word' id='word_1_42' title='bbox 673 918 750 969; x_wconf 84' lang='lat' dir='ltr'><strong>qnam</strong></span> <span class='ocrx_word' id='word_1_43' title='bbox 769 904 904 953; x_wconf 74' lang='lat' dir='ltr'><strong>eelerrine</strong></span> <span class='ocrx_word' id='word_1_44' title='bbox 922 905 1048 966; x_wconf 79' lang='lat' dir='ltr'><strong>tenplum</strong></span> <span class='ocrx_word' id='word_1_45' title='bbox 1067 909 1249 960; x_wconf 80' lang='lat' dir='ltr'><strong>exstrueretur</strong></span> 
     </span>
     <span class='ocr_line' id='line_1_11' title="bbox 151 968 1248 1031; baseline 0.002 -16"><span class='ocrx_word' id='word_1_46' title='bbox 151 968 219 1017; x_wconf 85' lang='lat' dir='ltr'><strong>Divo</strong></span> <span class='ocrx_word' id='word_1_47' title='bbox 231 969 331 1018; x_wconf 83' lang='lat' dir='ltr'>Neroni</span> <span class='ocrx_word' id='word_1_48' title='bbox 343 970 447 1031; x_wconf 85' lang='lat' dir='ltr'><strong>publico</strong></span> <span class='ocrx_word' id='word_1_49' title='bbox 458 977 550 1018; x_wconf 84' lang='lat' dir='ltr'><strong>sumtu.</strong></span> <span class='ocrx_word' id='word_1_50' title='bbox 585 970 654 1025; x_wconf 82' lang='lat' dir='ltr'><strong>Qsad</strong></span> <span class='ocrx_word' id='word_1_51' title='bbox 669 971 764 1031; x_wconf 74' lang='lat' dir='ltr'><strong>quidest</strong></span> <span class='ocrx_word' id='word_1_52' title='bbox 779 971 858 1018; x_wconf 67' lang='lat' dir='ltr'><strong>seul</strong></span> <span class='ocrx_word' id='word_1_53' title='bbox 872 968 980 1017; x_wconf 65' lang='lat' dir='ltr'><strong>nm</strong></span> <span class='ocrx_word' id='word_1_54' title='bbox 996 968 1109 1031; x_wconf 71' lang='lat' dir='ltr'><strong>principi,</strong></span> <span class='ocrx_word' id='word_1_55' title='bbox 1123 968 1190 1031; x_wconf 74' lang='lat' dir='ltr'><strong>quari</strong></span> <span class='ocrx_word' id='word_1_56' title='bbox 1204 968 1248 1031; x_wconf 74' lang='lat' dir='ltr'><strong>qui</strong></span> 
     </span>
     <span class='ocr_line' id='line_1_12' title="bbox 149 1031 1245 1105; baseline -0.001 -24"><span class='ocrx_word' id='word_1_57' title='bbox 149 1036 233 1081; x_wconf 67' lang='lat' dir='ltr'><strong>mun</strong></span> <span class='ocrx_word' id='word_1_58' title='bbox 243 1032 377 1105; x_wconf 77' lang='lat' dir='ltr'><strong>mortalisne</strong></span> <span class='ocrx_word' id='word_1_59' title='bbox 383 1034 439 1096; x_wconf 88' lang='lat' dir='ltr'><strong>jam</strong></span> <span class='ocrx_word' id='word_1_60' title='bbox 455 1034 597 1096; x_wconf 64' lang='lat' dir='ltr'><strong>errem,</strong></span> <span class='ocrx_word' id='word_1_61' title='bbox 606 1049 634 1082; x_wconf 82' lang='lat' dir='ltr'><strong>no</strong></span> <span class='ocrx_word' id='word_1_62' title='bbox 649 1035 752 1082; x_wconf 67' lang='lat' dir='ltr'><strong>coelemr</strong></span> <span class='ocrx_word' id='word_1_63' title='bbox 761 1035 859 1082; x_wconf 75' lang='lat' dir='ltr'><strong>lomes</strong></span> <span class='ocrx_word' id='word_1_64' title='bbox 869 1034 1007 1081; x_wconf 74' lang='lat' dir='ltr'><strong>mersisset:</strong></span> <span class='ocrx_word' id='word_1_65' title='bbox 1022 1034 1083 1095; x_wconf 78' lang='lat' dir='ltr'><strong>pund</strong></span> <span class='ocrx_word' id='word_1_66' title='bbox 1095 1031 1199 1095; x_wconf 88' lang='lat' dir='ltr'><strong>quidem</strong></span> <span class='ocrx_word' id='word_1_67' title='bbox 1213 1032 1245 1080; x_wconf 84' lang='lat' dir='ltr'><strong>nd</strong></span> 
     </span>
    </p>
   </div>
   <div class='ocr_carea' id='block_1_6' title="bbox 610 1161 789 1181">
    <p class='ocr_par' dir='ltr' id='par_1_6' title="bbox 610 1161 789 1181">
     <span class='ocr_line' id='line_1_13' title="bbox 610 1161 789 1181; baseline -0.006 -1"><span class='ocrx_word' id='word_1_68' title='bbox 610 1161 789 1181; x_wconf 60' lang='lat' dir='ltr'><strong>”uenture</strong></span> 
     </span>
    </p>
   </div>
   <div class='ocr_carea' id='block_1_7' title="bbox 149 1238 1254 2393">
    <p class='ocr_par' dir='ltr' id='par_1_7' title="bbox 149 1238 1254 2393">
     <span class='ocr_line' id='line_1_14' title="bbox 150 1238 1250 1304; baseline -0.001 -15"><span class='ocrx_word' id='word_1_69' title='bbox 150 1240 223 1289; x_wconf 86' lang='lat' dir='ltr'><strong>Harl.</strong></span> <span class='ocrx_word' id='word_1_70' title='bbox 242 1241 348 1292; x_wconf 74' lang='lat' dir='ltr'><strong>dea-6</strong></span> <span class='ocrx_word' id='word_1_71' title='bbox 364 1241 476 1291; x_wconf 83' lang='lat' dir='ltr'><strong>Brotier.</strong></span> <span class='ocrx_word' id='word_1_72' title='bbox 491 1242 558 1304; x_wconf 75' lang='lat' dir='ltr'><strong>legit</strong></span> <span class='ocrx_word' id='word_1_73' title='bbox 567 1244 738 1292; x_wconf 81' lang='lat' dir='ltr'><strong>uererntierrerrr</strong></span> <span class='ocrx_word' id='word_1_74' title='bbox 752 1244 847 1298; x_wconf 70' lang='lat' dir='ltr'><strong>Deum:</strong></span> <span class='ocrx_word' id='word_1_75' title='bbox 863 1247 891 1290; x_wconf 86' lang='lat' dir='ltr'><strong>et</strong></span> <span class='ocrx_word' id='word_1_76' title='bbox 902 1241 938 1290; x_wconf 87' lang='lat' dir='ltr'><strong>rie</strong></span> <span class='ocrx_word' id='word_1_77' title='bbox 949 1240 1155 1289; x_wconf 76' lang='lat' dir='ltr'>emendationem</span> <span class='ocrx_word' id='word_1_78' title='bbox 1167 1238 1250 1303; x_wconf 79' lang='lat' dir='ltr'><strong>expll-</strong></span> 
     </span>
     <span class='ocr_line' id='line_1_15' title="bbox 150 1302 1249 1368; baseline 0.002 -16"><span class='ocrx_word' id='word_1_79' title='bbox 150 1310 205 1353; x_wconf 85' lang='lat' dir='ltr'><strong>eat:</strong></span> <span class='ocrx_word' id='word_1_80' title='bbox 226 1305 277 1353; x_wconf 86' lang='lat' dir='ltr'><strong>Ms.</strong></span> <span class='ocrx_word' id='word_1_81' title='bbox 289 1306 353 1368; x_wconf 78' lang='lat' dir='ltr'><strong>Reg.</strong></span> <span class='ocrx_word' id='word_1_82' title='bbox 364 1307 535 1355; x_wconf 66' lang='lat' dir='ltr'><strong>nmirum</strong></span> <span class='ocrx_word' id='word_1_83' title='bbox 545 1310 577 1355; x_wconf 86' lang='lat' dir='ltr'><strong>nd</strong></span> <span class='ocrx_word' id='word_1_84' title='bbox 587 1309 665 1356; x_wconf 78' lang='lat' dir='ltr'><strong>Deum</strong></span> <span class='ocrx_word' id='word_1_85' title='bbox 682 1309 741 1355; x_wconf 79' lang='lat' dir='ltr'><strong>item</strong></span> <span class='ocrx_word' id='word_1_86' title='bbox 756 1306 876 1354; x_wconf 71' lang='lat' dir='ltr'><strong>nemim</strong></span> <span class='ocrx_word' id='word_1_87' title='bbox 890 1306 984 1354; x_wconf 69' lang='lat' dir='ltr'><strong>merite</strong></span> <span class='ocrx_word' id='word_1_88' title='bbox 1007 1306 1071 1353; x_wconf 81' lang='lat' dir='ltr'><strong>Mes.</strong></span> <span class='ocrx_word' id='word_1_89' title='bbox 1084 1305 1159 1353; x_wconf 84' lang='lat' dir='ltr'><strong>Harl.</strong></span> <span class='ocrx_word' id='word_1_90' title='bbox 1171 1302 1249 1354; x_wconf 85' lang='lat' dir='ltr'><strong>Bodl.</strong></span> 
     </span>
     <span class='ocr_line' id='line_1_16' title="bbox 149 1366 1249 1433; baseline -0.003 -14"><span class='ocrx_word' id='word_1_91' title='bbox 149 1368 203 1419; x_wconf 82' lang='lat' dir='ltr'><strong>Jee.</strong></span> <span class='ocrx_word' id='word_1_92' title='bbox 214 1375 242 1417; x_wconf 87' lang='lat' dir='ltr'><strong>et</strong></span> <span class='ocrx_word' id='word_1_93' title='bbox 251 1376 355 1419; x_wconf 81' lang='lat' dir='ltr'><strong>veteres</strong></span> <span class='ocrx_word' id='word_1_94' title='bbox 367 1370 503 1433; x_wconf 88' lang='lat' dir='ltr'><strong>editiones,</strong></span> <span class='ocrx_word' id='word_1_95' title='bbox 514 1372 684 1419; x_wconf 63' lang='lat' dir='ltr'><strong>annumerem</strong></span> <span class='ocrx_word' id='word_1_96' title='bbox 693 1372 750 1419; x_wconf 81' lang='lat' dir='ltr'><strong>iton</strong></span> <span class='ocrx_word' id='word_1_97' title='bbox 764 1370 882 1419; x_wconf 68' lang='lat' dir='ltr'><strong>minua</strong></span> <span class='ocrx_word' id='word_1_98' title='bbox 892 1370 984 1418; x_wconf 79' lang='lat' dir='ltr'><strong>merito.</strong></span> <span class='ocrx_word' id='word_1_99' title='bbox 1020 1370 1050 1417; x_wconf 90' lang='lat' dir='ltr'><strong>lu</strong></span> <span class='ocrx_word' id='word_1_100' title='bbox 1062 1366 1249 1417; x_wconf 85' lang='lat' dir='ltr'><strong>recentioribus</strong></span> 
     </span>
     <span class='ocr_line' id='line_1_17' title="bbox 150 1431 1250 1497; baseline 0 -17"><span class='ocrx_word' id='word_1_101' title='bbox 150 1431 305 1482; x_wconf 66' lang='lat' dir='ltr'><strong>editionibus</strong></span> <span class='ocrx_word' id='word_1_102' title='bbox 317 1434 445 1496; x_wconf 85' lang='lat' dir='ltr'><strong>omissum,</strong></span> <span class='ocrx_word' id='word_1_103' title='bbox 456 1435 523 1483; x_wconf 80' lang='lat' dir='ltr'><strong>item.</strong></span> <span class='ocrx_word' id='word_1_104' title='bbox 557 1436 686 1497; x_wconf 77' lang='lat' dir='ltr'><strong>Muretus,</strong></span> <span class='ocrx_word' id='word_1_105' title='bbox 702 1434 823 1495; x_wconf 82' lang='lat' dir='ltr'><strong>Ursinus,</strong></span> <span class='ocrx_word' id='word_1_106' title='bbox 838 1432 1062 1483; x_wconf 81' lang='lat' dir='ltr'><strong>Scitnrndeischins</strong></span> <span class='ocrx_word' id='word_1_107' title='bbox 1073 1446 1119 1495; x_wconf 86' lang='lat' dir='ltr'><strong>pro</strong></span> <span class='ocrx_word' id='word_1_108' title='bbox 1130 1431 1250 1481; x_wconf 68' lang='lat' dir='ltr'><strong>lominum</strong></span> 
     </span>
     <span class='ocr_line' id='line_1_18' title="bbox 150 1497 1250 1569; baseline 0 -26"><span class='ocrx_word' id='word_1_109' title='bbox 150 1497 322 1547; x_wconf 67' lang='lat' dir='ltr'>emendabant</span> <span class='ocrx_word' id='word_1_110' title='bbox 333 1498 461 1546; x_wconf 60' lang='lat' dir='ltr'><strong>summere.</strong></span> <span class='ocrx_word' id='word_1_111' title='bbox 493 1498 549 1547; x_wconf 86' lang='lat' dir='ltr'><strong>Jsc.</strong></span> <span class='ocrx_word' id='word_1_112' title='bbox 560 1499 718 1558; x_wconf 79' lang='lat' dir='ltr'><strong>Gronovius,</strong></span> <span class='ocrx_word' id='word_1_113' title='bbox 729 1500 839 1547; x_wconf 64' lang='lat' dir='ltr'><strong>mesor.</strong></span> <span class='ocrx_word' id='word_1_114' title='bbox 867 1499 907 1546; x_wconf 84' lang='lat' dir='ltr'><strong>Ex</strong></span> <span class='ocrx_word' id='word_1_115' title='bbox 923 1499 975 1547; x_wconf 83' lang='lat' dir='ltr'><strong>llis.</strong></span> <span class='ocrx_word' id='word_1_116' title='bbox 988 1498 1053 1560; x_wconf 79' lang='lat' dir='ltr'><strong>Reg.</strong></span> <span class='ocrx_word' id='word_1_117' title='bbox 1065 1504 1092 1545; x_wconf 90' lang='lat' dir='ltr'><strong>et</strong></span> <span class='ocrx_word' id='word_1_118' title='bbox 1104 1497 1161 1558; x_wconf 89' lang='lat' dir='ltr'><strong>ipso</strong></span> <span class='ocrx_word' id='word_1_119' title='bbox 1173 1508 1250 1569; x_wconf 48' lang='lat' dir='ltr'><strong>sens}</strong></span> 
     </span>
     <span class='ocr_line' id='line_1_19' title="bbox 150 1558 1251 1627; baseline -0.001 -20"><span class='ocrx_word' id='word_1_120' title='bbox 150 1560 295 1620; x_wconf 82' lang='lat' dir='ltr'>emendavi,</span> <span class='ocrx_word' id='word_1_121' title='bbox 306 1562 392 1610; x_wconf 84' lang='lat' dir='ltr'><strong>Deum.</strong></span> <span class='ocrx_word' id='word_1_122' title='bbox 426 1562 561 1611; x_wconf 76' lang='lat' dir='ltr'><strong>Glossema</strong></span> <span class='ocrx_word' id='word_1_123' title='bbox 572 1571 622 1627; x_wconf 88' lang='lat' dir='ltr'><strong>est,</strong></span> <span class='ocrx_word' id='word_1_124' title='bbox 632 1565 690 1611; x_wconf 82' lang='lat' dir='ltr'><strong>item</strong></span> <span class='ocrx_word' id='word_1_125' title='bbox 700 1564 828 1612; x_wconf 69' lang='lat' dir='ltr'><strong>hominm</strong></span> <span class='ocrx_word' id='word_1_126' title='bbox 846 1561 959 1610; x_wconf 85' lang='lat' dir='ltr'><strong>Brotier.</strong></span> <span class='ocrx_word' id='word_1_127' title='bbox 990 1560 1169 1610; x_wconf 65' lang='lat' dir='ltr'><strong>Vesontionem</strong></span> <span class='ocrx_word' id='word_1_128' title='bbox 1176 1558 1251 1607; x_wconf 74' lang='lat' dir='ltr'><strong>iome-</strong></span> 
     </span>
     <span class='ocr_line' id='line_1_20' title="bbox 150 1624 1251 1690; baseline 0.001 -19"><span class='ocrx_word' id='word_1_129' title='bbox 150 1638 213 1673; x_wconf 76' lang='lat' dir='ltr'><strong>ruua.</strong></span> <span class='ocrx_word' id='word_1_130' title='bbox 242 1626 364 1673; x_wconf 86' lang='lat' dir='ltr'><strong>Muretus</strong></span> <span class='ocrx_word' id='word_1_131' title='bbox 382 1632 411 1674; x_wconf 91' lang='lat' dir='ltr'><strong>et</strong></span> <span class='ocrx_word' id='word_1_132' title='bbox 427 1626 535 1675; x_wconf 82' lang='lat' dir='ltr'><strong>Ursinus</strong></span> <span class='ocrx_word' id='word_1_133' title='bbox 554 1628 720 1690; x_wconf 74' lang='lat' dir='ltr'><strong>corrigebant</strong></span> <span class='ocrx_word' id='word_1_134' title='bbox 739 1626 878 1677; x_wconf 68' lang='lat' dir='ltr'><strong>nanuum.</strong></span> <span class='ocrx_word' id='word_1_135' title='bbox 894 1626 953 1675; x_wconf 84' lang='lat' dir='ltr'><strong>Jao.</strong></span> <span class='ocrx_word' id='word_1_136' title='bbox 973 1624 1120 1674; x_wconf 81' lang='lat' dir='ltr'><strong>Gronovius</strong></span> <span class='ocrx_word' id='word_1_137' title='bbox 1138 1624 1251 1672; x_wconf 78' lang='lat' dir='ltr'><strong>colitura.</strong></span> 
     </span>
     <span class='ocr_line' id='line_1_21' title="bbox 151 1686 1252 1751; baseline -0.002 -16"><span class='ocrx_word' id='word_1_138' title='bbox 151 1686 283 1736; x_wconf 77' lang='lat' dir='ltr'><strong>Neoniuum</strong></span> <span class='ocrx_word' id='word_1_139' title='bbox 298 1689 418 1750; x_wconf 77' lang='lat' dir='ltr'><strong>placebat</strong></span> <span class='ocrx_word' id='word_1_140' title='bbox 438 1690 517 1738; x_wconf 91' lang='lat' dir='ltr'><strong>etiam</strong></span> <span class='ocrx_word' id='word_1_141' title='bbox 536 1690 757 1741; x_wconf 82' lang='lat' dir='ltr'><strong>Sehuralieisohio.</strong></span> <span class='ocrx_word' id='word_1_142' title='bbox 790 1689 971 1751; x_wconf 82' lang='lat' dir='ltr'><strong>oppositionis</strong></span> <span class='ocrx_word' id='word_1_143' title='bbox 989 1689 1032 1736; x_wconf 85' lang='lat' dir='ltr'><strong>lex</strong></span> <span class='ocrx_word' id='word_1_144' title='bbox 1048 1689 1100 1736; x_wconf 85' lang='lat' dir='ltr'><strong>tale</strong></span> <span class='ocrx_word' id='word_1_145' title='bbox 1112 1686 1172 1750; x_wconf 86' lang='lat' dir='ltr'><strong>qnid</strong></span> <span class='ocrx_word' id='word_1_146' title='bbox 1185 1686 1252 1734; x_wconf 87' lang='lat' dir='ltr'><strong>desi·</strong></span> 
     </span>
     <span class='ocr_line' id='line_1_22' title="bbox 150 1748 1252 1817; baseline -0.002 -18"><span class='ocrx_word' id='word_1_147' title='bbox 150 1748 231 1803; x_wconf 85' lang='lat' dir='ltr'><strong>derat.</strong></span> <span class='ocrx_word' id='word_1_148' title='bbox 268 1752 475 1813; x_wconf 71' lang='lat' dir='ltr'><strong>Mortalifusligio</strong></span> <span class='ocrx_word' id='word_1_149' title='bbox 486 1754 625 1817; x_wconf 86' lang='lat' dir='ltr'><strong>opponitur</strong></span> <span class='ocrx_word' id='word_1_150' title='bbox 634 1756 753 1803; x_wconf 79' lang='lat' dir='ltr'><strong>ueneratio</strong></span> <span class='ocrx_word' id='word_1_151' title='bbox 766 1754 904 1802; x_wconf 78' lang='lat' dir='ltr'><strong>Nerat‘eerrt.</strong></span> <span class='ocrx_word' id='word_1_152' title='bbox 922 1753 986 1800; x_wconf 77' lang='lat' dir='ltr'><strong>Mes.</strong></span> <span class='ocrx_word' id='word_1_153' title='bbox 1005 1757 1034 1799; x_wconf 88' lang='lat' dir='ltr'><strong>et</strong></span> <span class='ocrx_word' id='word_1_154' title='bbox 1050 1751 1111 1799; x_wconf 87' lang='lat' dir='ltr'><strong>edd.</strong></span> <span class='ocrx_word' id='word_1_155' title='bbox 1128 1756 1195 1799; x_wconf 79' lang='lat' dir='ltr'><strong>vett.</strong></span> <span class='ocrx_word' id='word_1_156' title='bbox 1208 1748 1252 1797; x_wconf 84' lang='lat' dir='ltr'><strong>ad·</strong></span> 
     </span>
     <span class='ocr_line' id='line_1_23' title="bbox 151 1814 1253 1881; baseline 0 -18"><span class='ocrx_word' id='word_1_157' title='bbox 151 1814 214 1867; x_wconf 86' lang='lat' dir='ltr'><strong>dunt</strong></span> <span class='ocrx_word' id='word_1_158' title='bbox 225 1818 284 1865; x_wconf 85' lang='lat' dir='ltr'><strong>item</strong></span> <span class='ocrx_word' id='word_1_159' title='bbox 295 1822 356 1867; x_wconf 83' lang='lat' dir='ltr'><strong>ante</strong></span> <span class='ocrx_word' id='word_1_160' title='bbox 365 1816 500 1875; x_wconf 65' lang='lat' dir='ltr'><strong>lominum</strong></span> <span class='ocrx_word' id='word_1_161' title='bbox 517 1818 586 1881; x_wconf 83' lang='lat' dir='ltr'><strong>quod</strong></span> <span class='ocrx_word' id='word_1_162' title='bbox 605 1819 710 1867; x_wconf 81' lang='lat' dir='ltr'><strong>sustulit</strong></span> <span class='ocrx_word' id='word_1_163' title='bbox 729 1818 877 1867; x_wconf 76' lang='lat' dir='ltr'><strong>Rhenanus.</strong></span> <span class='ocrx_word' id='word_1_164' title='bbox 902 1815 1064 1864; x_wconf 85' lang='lat' dir='ltr'><strong>Brotieraae</strong></span> <span class='ocrx_word' id='word_1_165' title='bbox 1079 1816 1130 1863; x_wconf 84' lang='lat' dir='ltr'><strong>Ma.</strong></span> <span class='ocrx_word' id='word_1_166' title='bbox 1145 1815 1211 1874; x_wconf 69' lang='lat' dir='ltr'><strong>aeg·</strong></span> <span class='ocrx_word' id='word_1_167' title='bbox 1221 1819 1253 1863; x_wconf 78' lang='lat' dir='ltr'><strong>et</strong></span> 
     </span>
     <span class='ocr_line' id='line_1_24' title="bbox 150 1877 1253 1931; baseline -0.001 -5"><span class='ocrx_word' id='word_1_168' title='bbox 150 1892 225 1929; x_wconf 90' lang='lat' dir='ltr'><strong>sensu</strong></span> <span class='ocrx_word' id='word_1_169' title='bbox 237 1880 311 1930; x_wconf 87' lang='lat' dir='ltr'><strong>dedit</strong></span> <span class='ocrx_word' id='word_1_170' title='bbox 322 1895 375 1929; x_wconf 84' lang='lat' dir='ltr'><strong>neu.</strong></span> <span class='ocrx_word' id='word_1_171' title='bbox 388 1882 474 1931; x_wconf 87' lang='lat' dir='ltr'><strong>Deum.</strong></span> <span class='ocrx_word' id='word_1_172' title='bbox 494 1896 545 1930; x_wconf 86' lang='lat' dir='ltr'><strong>uon</strong></span> <span class='ocrx_word' id='word_1_173' title='bbox 563 1883 638 1931; x_wconf 84' lang='lat' dir='ltr'><strong>male.</strong></span> <span class='ocrx_word' id='word_1_174' title='bbox 663 1883 760 1931; x_wconf 80' lang='lat' dir='ltr'><strong>Ernest.</strong></span> <span class='ocrx_word' id='word_1_175' title='bbox 794 1879 864 1929; x_wconf 86' lang='lat' dir='ltr'><strong>Illud</strong></span> <span class='ocrx_word' id='word_1_176' title='bbox 883 1880 942 1927; x_wconf 80' lang='lat' dir='ltr'><strong>itera</strong></span> <span class='ocrx_word' id='word_1_177' title='bbox 961 1886 1045 1928; x_wconf 83' lang='lat' dir='ltr'><strong>ortum</strong></span> <span class='ocrx_word' id='word_1_178' title='bbox 1062 1885 1121 1926; x_wconf 91' lang='lat' dir='ltr'><strong>erat</strong></span> <span class='ocrx_word' id='word_1_179' title='bbox 1131 1892 1146 1927; x_wconf 89' lang='lat' dir='ltr'><strong>e</strong></span> <span class='ocrx_word' id='word_1_180' title='bbox 1158 1877 1253 1925; x_wconf 84' lang='lat' dir='ltr'><strong>vitiosa</strong></span> 
     </span>
     <span class='ocr_line' id='line_1_25' title="bbox 151 1941 1253 2007; baseline 0 -18"><span class='ocrx_word' id='word_1_181' title='bbox 151 1943 290 2006; x_wconf 88' lang='lat' dir='ltr'><strong>scriptura,</strong></span> <span class='ocrx_word' id='word_1_182' title='bbox 302 1959 377 2007; x_wconf 86' lang='lat' dir='ltr'><strong>quatu</strong></span> <span class='ocrx_word' id='word_1_183' title='bbox 390 1944 458 1993; x_wconf 90' lang='lat' dir='ltr'><strong>Bud.</strong></span> <span class='ocrx_word' id='word_1_184' title='bbox 469 1951 566 2007; x_wconf 87' lang='lat' dir='ltr'><strong>servat,</strong></span> <span class='ocrx_word' id='word_1_185' title='bbox 576 1946 695 1995; x_wconf 81' lang='lat' dir='ltr'><strong>ueneratio</strong></span> <span class='ocrx_word' id='word_1_186' title='bbox 704 1946 762 1995; x_wconf 86' lang='lat' dir='ltr'><strong>item</strong></span> <span class='ocrx_word' id='word_1_187' title='bbox 778 1945 840 1993; x_wconf 76' lang='lat' dir='ltr'><strong>lom.</strong></span> <span class='ocrx_word' id='word_1_188' title='bbox 856 1957 903 2006; x_wconf 88' lang='lat' dir='ltr'><strong>pro</strong></span> <span class='ocrx_word' id='word_1_189' title='bbox 916 1942 1085 1991; x_wconf 61' lang='lat' dir='ltr'><strong>vesaniorem</strong></span> <span class='ocrx_word' id='word_1_190' title='bbox 1095 1941 1157 1989; x_wconf 80' lang='lat' dir='ltr'><strong>ltorn.</strong></span> <span class='ocrx_word' id='word_1_191' title='bbox 1191 1941 1253 1989; x_wconf 91' lang='lat' dir='ltr'><strong>Non</strong></span> 
     </span>
     <span class='ocr_line' id='line_1_26' title="bbox 150 2004 1252 2073; baseline 0 -21"><span class='ocrx_word' id='word_1_192' title='bbox 150 2005 236 2071; x_wconf 84' lang='lat' dir='ltr'><strong>video,</strong></span> <span class='ocrx_word' id='word_1_193' title='bbox 246 2008 376 2073; x_wconf 89' lang='lat' dir='ltr'><strong>quomodo</strong></span> <span class='ocrx_word' id='word_1_194' title='bbox 388 2010 470 2059; x_wconf 84' lang='lat' dir='ltr'><strong>Rhen.</strong></span> <span class='ocrx_word' id='word_1_195' title='bbox 482 2024 595 2059; x_wconf 82' lang='lat' dir='ltr'><strong>asserere</strong></span> <span class='ocrx_word' id='word_1_196' title='bbox 607 2010 733 2073; x_wconf 86' lang='lat' dir='ltr'><strong>potuerit,</strong></span> <span class='ocrx_word' id='word_1_197' title='bbox 744 2012 804 2058; x_wconf 84' lang='lat' dir='ltr'><strong>item</strong></span> <span class='ocrx_word' id='word_1_198' title='bbox 813 2022 865 2058; x_wconf 92' lang='lat' dir='ltr'><strong>non</strong></span> <span class='ocrx_word' id='word_1_199' title='bbox 882 2022 939 2055; x_wconf 87' lang='lat' dir='ltr'><strong>esse</strong></span> <span class='ocrx_word' id='word_1_200' title='bbox 951 2007 976 2055; x_wconf 90' lang='lat' dir='ltr'><strong>in</strong></span> <span class='ocrx_word' id='word_1_201' title='bbox 985 2007 1052 2055; x_wconf 88' lang='lat' dir='ltr'><strong>libro</strong></span> <span class='ocrx_word' id='word_1_202' title='bbox 1064 2004 1252 2066; x_wconf 84' lang='lat' dir='ltr'><strong>manuscripto.</strong></span> 
     </span>
     <span class='ocr_line' id='line_1_27' title="bbox 151 2069 1251 2134; baseline -0.001 -17"><span class='ocrx_word' id='word_1_203' title='bbox 151 2069 210 2133; x_wconf 89' lang='lat' dir='ltr'><strong>lpse</strong></span> <span class='ocrx_word' id='word_1_204' title='bbox 222 2072 487 2133; x_wconf 64' lang='lat' dir='ltr'><strong>destrimentum,</strong></span> <span class='ocrx_word' id='word_1_205' title='bbox 499 2074 639 2123; x_wconf 80' lang='lat' dir='ltr'><strong>emendans</strong></span> <span class='ocrx_word' id='word_1_206' title='bbox 655 2074 710 2123; x_wconf 85' lang='lat' dir='ltr'><strong>soil.</strong></span> <span class='ocrx_word' id='word_1_207' title='bbox 735 2074 797 2134; x_wconf 88' lang='lat' dir='ltr'><strong>Bip.</strong></span> <span class='ocrx_word' id='word_1_208' title='bbox 814 2072 851 2122; x_wconf 87' lang='lat' dir='ltr'><strong>sio</strong></span> <span class='ocrx_word' id='word_1_209' title='bbox 867 2073 952 2120; x_wconf 85' lang='lat' dir='ltr'><strong>locum</strong></span> <span class='ocrx_word' id='word_1_210' title='bbox 969 2070 1145 2120; x_wconf 85' lang='lat' dir='ltr'><strong>constituunt:</strong></span> <span class='ocrx_word' id='word_1_211' title='bbox 1163 2072 1188 2116; x_wconf 84' lang='lat' dir='ltr'><strong>et</strong></span> <span class='ocrx_word' id='word_1_212' title='bbox 1198 2082 1251 2116; x_wconf 80' lang='lat' dir='ltr'><strong>oen.</strong></span> 
     </span>
     <span class='ocr_line' id='line_1_28' title="bbox 150 2131 1253 2212; baseline -0.005 -27"><span class='ocrx_word' id='word_1_213' title='bbox 150 2138 249 2187; x_wconf 69' lang='lat' dir='ltr'><strong>wite:</strong></span> <span class='ocrx_word' id='word_1_214' title='bbox 265 2138 331 2199; x_wconf 73' lang='lat' dir='ltr'><strong>ilem,</strong></span> <span class='ocrx_word' id='word_1_215' title='bbox 342 2138 459 2186; x_wconf 75' lang='lat' dir='ltr'><strong>lamium</strong></span> <span class='ocrx_word' id='word_1_216' title='bbox 475 2141 619 2201; x_wconf 79' lang='lat' dir='ltr'><strong>quorundum</strong></span> <span class='ocrx_word' id='word_1_217' title='bbox 629 2140 660 2187; x_wconf 82' lang='lat' dir='ltr'><strong>nd</strong></span> <span class='ocrx_word' id='word_1_218' title='bbox 670 2139 809 2212; x_wconf 27' lang='lat' dir='ltr'><strong>ontirmndole</strong></span> <span class='ocrx_word' id='word_1_219' title='bbox 820 2138 838 2186; x_wconf 83' lang='lat' dir='ltr'><strong>i.</strong></span> <span class='ocrx_word' id='word_1_220' title='bbox 849 2151 873 2186; x_wconf 88' lang='lat' dir='ltr'><strong>e.</strong></span> <span class='ocrx_word' id='word_1_221' title='bbox 894 2135 963 2211; x_wconf 63' lang='lat' dir='ltr'><strong>insui</strong></span> <span class='ocrx_word' id='word_1_222' title='bbox 979 2134 1085 2209; x_wconf 82' lang='lat' dir='ltr'><strong>solertia</strong></span> <span class='ocrx_word' id='word_1_223' title='bbox 1103 2133 1191 2191; x_wconf 85' lang='lat' dir='ltr'><strong>rebus,</strong></span> <span class='ocrx_word' id='word_1_224' title='bbox 1206 2131 1253 2180; x_wconf 77' lang='lat' dir='ltr'><strong>ulti</strong></span> 
     </span>
     <span class='ocr_line' id='line_1_29' title="bbox 151 2200 1254 2335; baseline 0 -25"><span class='ocrx_word' id='word_1_225' title='bbox 151 2202 977 2329; x_wconf 54' lang='lat' dir='ltr'><strong>ttulit„tttnotlt‘tlltnttttsemema</strong></span> <span class='ocrx_word' id='word_1_226' title='bbox 991 2206 1096 2313; x_wconf 64' lang='lat' dir='ltr'><strong>titt</strong></span> <span class='ocrx_word' id='word_1_227' title='bbox 1106 2200 1254 2335; x_wconf 55' lang='lat' dir='ltr'><strong>{min</strong></span> 
     </span>
     <span class='ocr_line' id='line_1_30' title="bbox 151 2324 1254 2393; baseline 0.002 -20"><span class='ocrx_word' id='word_1_228' title='bbox 151 2328 233 2379; x_wconf 82' lang='lat' dir='ltr'><strong>cuieee</strong></span> <span class='ocrx_word' id='word_1_229' title='bbox 243 2330 319 2379; x_wconf 88' lang='lat' dir='ltr'><strong>video</strong></span> <span class='ocrx_word' id='word_1_230' title='bbox 331 2331 394 2380; x_wconf 85' lang='lat' dir='ltr'><strong>Rae.</strong></span> <span class='ocrx_word' id='word_1_231' title='bbox 406 2334 446 2379; x_wconf 84' lang='lat' dir='ltr'><strong>te.</strong></span> <span class='ocrx_word' id='word_1_232' title='bbox 456 2332 602 2393; x_wconf 74' lang='lat' dir='ltr'><strong>quorundum</strong></span> <span class='ocrx_word' id='word_1_233' title='bbox 613 2333 664 2383; x_wconf 83' lang='lat' dir='ltr'><strong>dolo</strong></span> <span class='ocrx_word' id='word_1_234' title='bbox 675 2332 706 2379; x_wconf 84' lang='lat' dir='ltr'><strong>od</strong></span> <span class='ocrx_word' id='word_1_235' title='bbox 713 2330 792 2379; x_wconf 78' lang='lat' dir='ltr'><strong>omina</strong></span> <span class='ocrx_word' id='word_1_236' title='bbox 799 2331 836 2380; x_wconf 78' lang='lat' dir='ltr'><strong>rei</strong></span> <span class='ocrx_word' id='word_1_237' title='bbox 847 2330 1076 2390; x_wconf 61' lang='lat' dir='ltr'><strong>extranaeorum,</strong></span> <span class='ocrx_word' id='word_1_238' title='bbox 1085 2326 1136 2389; x_wconf 84' lang='lat' dir='ltr'><strong>rel,</strong></span> <span class='ocrx_word' id='word_1_239' title='bbox 1147 2330 1176 2373; x_wconf 89' lang='lat' dir='ltr'><strong>ut</strong></span> <span class='ocrx_word' id='word_1_240' title='bbox 1186 2324 1254 2375; x_wconf 77' lang='lat' dir='ltr'><strong>nul.</strong></span> 
     </span>
    </p>
   </div>
   <div class='ocr_carea' id='block_1_8' title="bbox 645 2456 753 2506">
    <p class='ocr_par' dir='ltr' id='par_1_8' title="bbox 645 2456 753 2506">
     <span class='ocr_line' id='line_1_31' title="bbox 645 2456 753 2506; baseline -0.019 0"><span class='ocrx_word' id='word_1_241' title='bbox 645 2456 753 2506; x_wconf 80' lang='lat' dir='ltr'>NOTAE</span> 
     </span>
    </p>
   </div>
   <div class='ocr_carea' id='block_1_9' title="bbox 149 2555 1311 3301">
    <p class='ocr_par' dir='ltr' id='par_1_9' title="bbox 149 2555 1311 3077">
     <span class='ocr_line' id='line_1_32' title="bbox 182 2555 1311 2628; baseline -0.004 -14"><span class='ocrx_word' id='word_1_242' title='bbox 182 2563 335 2628; x_wconf 65' lang='lat' dir='ltr'><strong>“Tunplurn</strong></span> <span class='ocrx_word' id='word_1_243' title='bbox 352 2567 388 2616; x_wconf 88' lang='lat' dir='ltr'><strong>D.</strong></span> <span class='ocrx_word' id='word_1_244' title='bbox 410 2555 513 2626; x_wconf 78' lang='lat' dir='ltr'><strong>Neroni]</strong></span> <span class='ocrx_word' id='word_1_245' title='bbox 531 2566 600 2616; x_wconf 84' lang='lat' dir='ltr'><strong>Hinc</strong></span> <span class='ocrx_word' id='word_1_246' title='bbox 618 2580 683 2628; x_wconf 71' lang='lat' dir='ltr'><strong>pree·</strong></span> <span class='ocrx_word' id='word_1_247' title='bbox 722 2564 850 2612; x_wconf 86' lang='lat' dir='ltr'><strong>talitntem</strong></span> <span class='ocrx_word' id='word_1_248' title='bbox 860 2561 989 2626; x_wconf 75' lang='lat' dir='ltr'><strong>effugisse,</strong></span> <span class='ocrx_word' id='word_1_249' title='bbox 995 2563 1051 2627; x_wconf 86' lang='lat' dir='ltr'><strong>jam</strong></span> <span class='ocrx_word' id='word_1_250' title='bbox 1062 2562 1135 2628; x_wconf 87' lang='lat' dir='ltr'><strong>qnasi</strong></span> <span class='ocrx_word' id='word_1_251' title='bbox 1145 2562 1255 2611; x_wconf 74' lang='lat' dir='ltr'><strong>mortale</strong></span> <span class='ocrx_word' id='word_1_252' title='bbox 1303 2569 1311 2577; x_wconf 83' lang='grc'><em>·</em></span> 
     </span>
     <span class='ocr_line' id='line_1_33' title="bbox 151 2638 1254 2703; baseline 0 -17"><span class='ocrx_word' id='word_1_253' title='bbox 151 2638 252 2701; x_wconf 82' lang='lat' dir='ltr'><strong>sagium</strong></span> <span class='ocrx_word' id='word_1_254' title='bbox 263 2640 352 2688; x_wconf 88' lang='lat' dir='ltr'><strong>mortis</strong></span> <span class='ocrx_word' id='word_1_255' title='bbox 370 2640 537 2702; x_wconf 82' lang='lat' dir='ltr'><strong>Neronianoe,</strong></span> <span class='ocrx_word' id='word_1_256' title='bbox 554 2647 582 2689; x_wconf 88' lang='lat' dir='ltr'><strong>et</strong></span> <span class='ocrx_word' id='word_1_257' title='bbox 593 2640 683 2689; x_wconf 82' lang='lat' dir='ltr'><strong>Diuum</strong></span> <span class='ocrx_word' id='word_1_258' title='bbox 722 2638 854 2702; x_wconf 78' lang='lat' dir='ltr'><strong>fastigium</strong></span> <span class='ocrx_word' id='word_1_259' title='bbox 870 2651 999 2702; x_wconf 82' lang='lat' dir='ltr'><strong>egressus,</strong></span> <span class='ocrx_word' id='word_1_260' title='bbox 1009 2646 1037 2688; x_wconf 91' lang='lat' dir='ltr'><strong>et</strong></span> <span class='ocrx_word' id='word_1_261' title='bbox 1050 2638 1123 2703; x_wconf 85' lang='lat' dir='ltr'><strong>quasi</strong></span> <span class='ocrx_word' id='word_1_262' title='bbox 1134 2638 1254 2687; x_wconf 84' lang='lat' dir='ltr'><strong>divinita·</strong></span> 
     </span>
     <span class='ocr_line' id='line_1_34' title="bbox 149 2714 1107 2778; baseline 0.001 -17"><span class='ocrx_word' id='word_1_263' title='bbox 149 2715 286 2776; x_wconf 88' lang='lat' dir='ltr'><strong>appellans</strong></span> <span class='ocrx_word' id='word_1_264' title='bbox 299 2715 440 2774; x_wconf 88' lang='lat' dir='ltr'><strong>Neronem,</strong></span> <span class='ocrx_word' id='word_1_265' title='bbox 459 2714 481 2762; x_wconf 89' lang='lat' dir='ltr'><strong>si</strong></span> <span class='ocrx_word' id='word_1_266' title='bbox 497 2714 530 2762; x_wconf 94' lang='lat' dir='ltr'><strong>de</strong></span> <span class='ocrx_word' id='word_1_267' title='bbox 547 2714 683 2763; x_wconf 76' lang='lat' dir='ltr'><strong>mendacio</strong></span> <span class='ocrx_word' id='word_1_268' title='bbox 725 2721 776 2764; x_wconf 87' lang='lat' dir='ltr'><strong>tem</strong></span> <span class='ocrx_word' id='word_1_269' title='bbox 789 2721 922 2764; x_wconf 84' lang='lat' dir='ltr'><strong>assecutos</strong></span> <span class='ocrx_word' id='word_1_270' title='bbox 930 2716 1107 2778; x_wconf 87' lang='lat' dir='ltr'><strong>reputabatur.</strong></span> 
     </span>
     <span class='ocr_line' id='line_1_35' title="bbox 149 2787 1255 2854; baseline 0.003 -18"><span class='ocrx_word' id='word_1_271' title='bbox 149 2802 204 2836; x_wconf 91' lang='lat' dir='ltr'><strong>non</strong></span> <span class='ocrx_word' id='word_1_272' title='bbox 224 2789 340 2849; x_wconf 88' lang='lat' dir='ltr'><strong>erubuit,</strong></span> <span class='ocrx_word' id='word_1_273' title='bbox 359 2789 392 2837; x_wconf 93' lang='lat' dir='ltr'><strong>de</strong></span> <span class='ocrx_word' id='word_1_274' title='bbox 411 2787 525 2837; x_wconf 84' lang='lat' dir='ltr'><strong>infausto</strong></span> <span class='ocrx_word' id='word_1_275' title='bbox 544 2789 630 2851; x_wconf 88' lang='lat' dir='ltr'><strong>potuit</strong></span> <span class='ocrx_word' id='word_1_276' title='bbox 652 2787 683 2837; x_wconf 91' lang='lat' dir='ltr'><strong>ti·</strong></span> <span class='ocrx_word' id='word_1_277' title='bbox 755 2790 806 2839; x_wconf 85' lang='lat' dir='ltr'><strong>Sed</strong></span> <span class='ocrx_word' id='word_1_278' title='bbox 822 2789 847 2839; x_wconf 91' lang='lat' dir='ltr'><strong>id</strong></span> <span class='ocrx_word' id='word_1_279' title='bbox 860 2791 946 2854; x_wconf 85' lang='lat' dir='ltr'><strong>potins</strong></span> <span class='ocrx_word' id='word_1_280' title='bbox 964 2804 1038 2840; x_wconf 90' lang='lat' dir='ltr'><strong>omen</strong></span> <span class='ocrx_word' id='word_1_281' title='bbox 1056 2790 1146 2840; x_wconf 89' lang='lat' dir='ltr'><strong>mortis</strong></span> <span class='ocrx_word' id='word_1_282' title='bbox 1162 2796 1255 2852; x_wconf 86' lang='lat' dir='ltr'><strong>postea</strong></span> 
     </span>
     <span class='ocr_line' id='line_1_36' title="bbox 150 2864 1253 2931; baseline 0.004 -21"><span class='ocrx_word' id='word_1_283' title='bbox 150 2865 372 2926; x_wconf 75' lang='lat' dir='ltr'><strong>ruerezqnoniem</strong></span> <span class='ocrx_word' id='word_1_284' title='bbox 382 2864 549 2912; x_wconf 83' lang='lat' dir='ltr'><strong>maledictum</strong></span> <span class='ocrx_word' id='word_1_285' title='bbox 561 2871 611 2924; x_wconf 91' lang='lat' dir='ltr'><strong>est,</strong></span> <span class='ocrx_word' id='word_1_286' title='bbox 620 2870 681 2911; x_wconf 86' lang='lat' dir='ltr'><strong>ante</strong></span> <span class='ocrx_word' id='word_1_287' title='bbox 722 2866 889 2931; x_wconf 83' lang='lat' dir='ltr'><strong>interpretati</strong></span> <span class='ocrx_word' id='word_1_288' title='bbox 900 2871 962 2914; x_wconf 91' lang='lat' dir='ltr'><strong>snut</strong></span> <span class='ocrx_word' id='word_1_289' title='bbox 979 2866 1105 2915; x_wconf 86' lang='lat' dir='ltr'><strong>lromines.</strong></span> <span class='ocrx_word' id='word_1_290' title='bbox 1137 2865 1253 2928; x_wconf 84' lang='lat' dir='ltr'><strong>Ideoque</strong></span> 
     </span>
     <span class='ocr_line' id='line_1_37' title="bbox 152 2935 1254 3005; baseline 0.003 -21"><span class='ocrx_word' id='word_1_291' title='bbox 152 2935 682 3000; x_wconf 68' lang='lat' dir='ltr'><strong>iroddnorr‚DeumCaeaaremnuncupere.</strong></span> <span class='ocrx_word' id='word_1_292' title='bbox 722 2943 804 3005; x_wconf 77' lang='lat' dir='ltr'><strong>magis</strong></span> <span class='ocrx_word' id='word_1_293' title='bbox 828 2941 945 2990; x_wconf 88' lang='lat' dir='ltr'><strong>mortalis</strong></span> <span class='ocrx_word' id='word_1_294' title='bbox 967 2941 1093 3000; x_wconf 84' lang='lat' dir='ltr'><strong>creditus,</strong></span> <span class='ocrx_word' id='word_1_295' title='bbox 1115 2938 1183 3002; x_wconf 87' lang='lat' dir='ltr'><strong>quod</strong></span> <span class='ocrx_word' id='word_1_296' title='bbox 1198 2939 1254 3001; x_wconf 88' lang='lat' dir='ltr'><strong>jam</strong></span> 
     </span>
     <span class='ocr_line' id='line_1_38' title="bbox 152 3013 968 3077; baseline 0.004 -16"><span class='ocrx_word' id='word_1_297' title='bbox 152 3013 327 3063; x_wconf 76' lang='lat' dir='ltr'><strong>Tertullianus</strong></span> <span class='ocrx_word' id='word_1_298' title='bbox 339 3013 477 3077; x_wconf 85' lang='lat' dir='ltr'><strong>Apologet.</strong></span> <span class='ocrx_word' id='word_1_299' title='bbox 489 3017 529 3062; x_wconf 77' lang='lat' dir='ltr'><strong>st.</strong></span> <span class='ocrx_word' id='word_1_300' title='bbox 558 3013 666 3063; x_wconf 83' lang='lat' dir='ltr'><strong>Vertrurt.</strong></span> <span class='ocrx_word' id='word_1_301' title='bbox 723 3020 808 3068; x_wconf 83' lang='lat' dir='ltr'><strong>Divus</strong></span> <span class='ocrx_word' id='word_1_302' title='bbox 820 3023 968 3065; x_wconf 84' lang='lat' dir='ltr'><strong>vocaretur.</strong></span> 
     </span>
    </p>

    <p class='ocr_par' dir='ltr' id='par_1_10' title="bbox 151 3086 1256 3301">
     <span class='ocr_line' id='line_1_39' title="bbox 186 3086 1256 3154; baseline 0.002 -18"><span class='ocrx_word' id='word_1_303' title='bbox 186 3089 308 3152; x_wconf 83' lang='lat' dir='ltr'><strong>Templum</strong></span> <span class='ocrx_word' id='word_1_304' title='bbox 317 3088 380 3137; x_wconf 88' lang='lat' dir='ltr'><strong>Diuo</strong></span> <span class='ocrx_word' id='word_1_305' title='bbox 394 3086 493 3148; x_wconf 79' lang='lat' dir='ltr'><strong>Neroni]</strong></span> <span class='ocrx_word' id='word_1_306' title='bbox 508 3086 584 3135; x_wconf 85' lang='lat' dir='ltr'><strong>Tales</strong></span> <span class='ocrx_word' id='word_1_307' title='bbox 601 3087 683 3134; x_wconf 88' lang='lat' dir='ltr'><strong>Divos</strong></span> <span class='ocrx_word' id='word_1_308' title='bbox 756 3093 798 3140; x_wconf 84' lang='lat' dir='ltr'><strong>Sin</strong></span> <span class='ocrx_word' id='word_1_309' title='bbox 810 3091 985 3154; x_wconf 85' lang='lat' dir='ltr'><strong>Vespasianus</strong></span> <span class='ocrx_word' id='word_1_310' title='bbox 1004 3089 1115 3138; x_wconf 88' lang='lat' dir='ltr'><strong>moriens</strong></span> <span class='ocrx_word' id='word_1_311' title='bbox 1132 3090 1159 3137; x_wconf 91' lang='lat' dir='ltr'><strong>in</strong></span> <span class='ocrx_word' id='word_1_312' title='bbox 1173 3096 1256 3138; x_wconf 84' lang='lat' dir='ltr'><strong>semet</strong></span> 
     </span>
     <span class='ocr_line' id='line_1_40' title="bbox 151 3158 1254 3230; baseline -0.002 -15"><span class='ocrx_word' id='word_1_313' title='bbox 151 3163 218 3212; x_wconf 81' lang='lat' dir='ltr'><strong>salse</strong></span> <span class='ocrx_word' id='word_1_314' title='bbox 247 3163 339 3211; x_wconf 78' lang='lat' dir='ltr'><strong>derisit</strong></span> <span class='ocrx_word' id='word_1_315' title='bbox 357 3162 488 3223; x_wconf 70' lang='lat' dir='ltr'><strong>Diogenes</strong></span> <span class='ocrx_word' id='word_1_316' title='bbox 515 3160 628 3222; x_wconf 68' lang='lat' dir='ltr'><strong>Cynictffl</strong></span> <span class='ocrx_word' id='word_1_317' title='bbox 647 3158 684 3207; x_wconf 80' lang='grc' dir='ltr'><strong>Α·</strong></span> <span class='ocrx_word' id='word_1_318' title='bbox 719 3167 826 3230; x_wconf 86' lang='lat' dir='ltr'><strong>jocatus</strong></span> <span class='ocrx_word' id='word_1_319' title='bbox 834 3165 943 3227; x_wconf 85' lang='lat' dir='ltr'><strong>est‚‘nt</strong></span> <span class='ocrx_word' id='word_1_320' title='bbox 954 3171 1027 3227; x_wconf 86' lang='lat' dir='ltr'><strong>puto,</strong></span> <span class='ocrx_word' id='word_1_321' title='bbox 1036 3165 1110 3213; x_wconf 89' lang='lat' dir='ltr'><strong>Deus</strong></span> <span class='ocrx_word' id='word_1_322' title='bbox 1121 3160 1172 3225; x_wconf 85' lang='lat' dir='ltr'><strong>do,&#39;</strong></span> <span class='ocrx_word' id='word_1_323' title='bbox 1184 3169 1254 3216; x_wconf 84' lang='lat' dir='ltr'><strong>teste</strong></span> 
     </span>
     <span class='ocr_line' id='line_1_41' title="bbox 153 3233 858 3301; baseline -0.007 -14"><span class='ocrx_word' id='word_1_324' title='bbox 153 3239 232 3301; x_wconf 84' lang='lat' dir='ltr'><strong>poph.</strong></span> <span class='ocrx_word' id='word_1_325' title='bbox 243 3251 285 3286; x_wconf 83' lang='lat' dir='ltr'><strong>arr.</strong></span> <span class='ocrx_word' id='word_1_326' title='bbox 296 3241 337 3286; x_wconf 82' lang='grc'><strong>74.</strong></span> <span class='ocrx_word' id='word_1_327' title='bbox 353 3237 361 3263; x_wconf 87' lang='lat'>‘</span> <span class='ocrx_word' id='word_1_328' title='bbox 372 3235 547 3284; x_wconf 86' lang='lat' dir='ltr'><strong>Athenienses</strong></span> <span class='ocrx_word' id='word_1_329' title='bbox 564 3247 612 3297; x_wconf 88' lang='lat' dir='ltr'><strong>per</strong></span> <span class='ocrx_word' id='word_1_330' title='bbox 623 3233 684 3282; x_wconf 90' lang='lat' dir='ltr'><strong>adu·</strong></span> <span class='ocrx_word' id='word_1_331' title='bbox 725 3240 858 3289; x_wconf 77' lang='lat' dir='ltr'><strong>Suetonio.</strong></span> 
     </span>
    </p>
   </div>
   <div class='ocr_carea' id='block_1_10' title="bbox 151 3309 1335 3381">
    <p class='ocr_par' dir='ltr' id='par_1_11' title="bbox 151 3309 1335 3381">
     <span class='ocr_line' id='line_1_42' title="bbox 151 3309 1335 3381; baseline 0 -20"><span class='ocrx_word' id='word_1_332' title='bbox 151 3313 275 3364; x_wconf 78' lang='lat' dir='ltr'><strong>lotionem</strong></span> <span class='ocrx_word' id='word_1_333' title='bbox 294 3314 476 3373; x_wconf 86' lang='lat' dir='ltr'><strong>decreverunt,</strong></span> <span class='ocrx_word' id='word_1_334' title='bbox 492 3317 521 3361; x_wconf 87' lang='lat' dir='ltr'><strong>ut</strong></span> <span class='ocrx_word' id='word_1_335' title='bbox 536 3309 685 3360; x_wconf 78' lang='lat' dir='ltr'><strong>Alexander</strong></span> <span class='ocrx_word' id='word_1_336' title='bbox 759 3315 796 3366; x_wconf 78' lang='lat' dir='ltr'><strong>At</strong></span> <span class='ocrx_word' id='word_1_337' title='bbox 805 3316 933 3381; x_wconf 74' lang='lat' dir='ltr'><strong>quomodo</strong></span> <span class='ocrx_word' id='word_1_338' title='bbox 950 3317 1034 3378; x_wconf 70' lang='lat' dir='ltr'><strong>Dens,</strong></span> <span class='ocrx_word' id='word_1_339' title='bbox 1051 3315 1095 3380; x_wconf 81' lang='lat' dir='ltr'><strong>qni</strong></span> <span class='ocrx_word' id='word_1_340' title='bbox 1105 3331 1139 3366; x_wconf 77' lang='lat' dir='ltr'><strong>ne</strong></span> <span class='ocrx_word' id='word_1_341' title='bbox 1150 3315 1255 3380; x_wconf 81' lang='lat' dir='ltr'><strong>quidem</strong></span> <span class='ocrx_word' id='word_1_342' title='bbox 1332 3355 1335 3362; x_wconf 94' lang='lat'>.</span> 
     </span>
    </p>
   </div>
   <div class='ocr_carea' id='block_1_11' title="bbox 153 3387 1261 4288">
    <p class='ocr_par' dir='ltr' id='par_1_12' title="bbox 153 3387 1261 4288">
     <span class='ocr_line' id='line_1_43' title="bbox 153 3387 1257 3456; baseline 0.005 -20"><span class='ocrx_word' id='word_1_343' title='bbox 153 3404 201 3451; x_wconf 89' lang='lat' dir='ltr'><strong>pro</strong></span> <span class='ocrx_word' id='word_1_344' title='bbox 213 3390 307 3440; x_wconf 81' lang='lat' dir='ltr'><strong>[ibero</strong></span> <span class='ocrx_word' id='word_1_345' title='bbox 319 3394 393 3451; x_wconf 84' lang='lat' dir='ltr'><strong>patre</strong></span> <span class='ocrx_word' id='word_1_346' title='bbox 402 3387 543 3436; x_wconf 76' lang='lat' dir='ltr'><strong>haberetur</strong></span> <span class='ocrx_word' id='word_1_347' title='bbox 551 3396 579 3434; x_wconf 89' lang='lat' dir='ltr'><strong>et</strong></span> <span class='ocrx_word' id='word_1_348' title='bbox 590 3387 686 3434; x_wconf 86' lang='lat' dir='ltr'><strong>colere·</strong></span> <span class='ocrx_word' id='word_1_349' title='bbox 725 3393 801 3442; x_wconf 79' lang='lat' dir='ltr'><strong>homo</strong></span> <span class='ocrx_word' id='word_1_350' title='bbox 811 3399 860 3455; x_wconf 74' lang='lat' dir='ltr'><strong>eet,</strong></span> <span class='ocrx_word' id='word_1_351' title='bbox 872 3393 916 3456; x_wconf 87' lang='lat' dir='ltr'><strong>qul</strong></span> <span class='ocrx_word' id='word_1_352' title='bbox 926 3392 1016 3441; x_wconf 89' lang='lat' dir='ltr'><strong>nullibi</strong></span> <span class='ocrx_word' id='word_1_353' title='bbox 1027 3393 1141 3456; x_wconf 80' lang='lat' dir='ltr'><strong>gentium</strong></span> <span class='ocrx_word' id='word_1_354' title='bbox 1153 3394 1215 3442; x_wconf 85' lang='lat' dir='ltr'><strong>est?-</strong></span> <span class='ocrx_word' id='word_1_355' title='bbox 1223 3405 1257 3442; x_wconf 93' lang='lat' dir='ltr'><strong>an</strong></span> 
     </span>
     <span class='ocr_line' id='line_1_44' title="bbox 153 3460 1258 3532; baseline -0.004 -19"><span class='ocrx_word' id='word_1_356' title='bbox 153 3470 205 3514; x_wconf 91' lang='lat' dir='ltr'><strong>tur.</strong></span> <span class='ocrx_word' id='word_1_357' title='bbox 248 3465 326 3514; x_wconf 89' lang='lat' dir='ltr'><strong>Hunc</strong></span> <span class='ocrx_word' id='word_1_358' title='bbox 346 3463 469 3512; x_wconf 88' lang='lat' dir='ltr'><strong>honorem</strong></span> <span class='ocrx_word' id='word_1_359' title='bbox 491 3460 601 3509; x_wconf 88' lang='lat' dir='ltr'><strong>irridens</strong></span> <span class='ocrx_word' id='word_1_360' title='bbox 621 3460 686 3509; x_wconf 91' lang='lat' dir='ltr'><strong>Dio·</strong></span> <span class='ocrx_word' id='word_1_361' title='bbox 726 3468 799 3516; x_wconf 63' lang='lat' dir='ltr'><strong>Deus</strong></span> <span class='ocrx_word' id='word_1_362' title='bbox 816 3481 873 3516; x_wconf 67' lang='lat' dir='ltr'><strong>em</strong></span> <span class='ocrx_word' id='word_1_363' title='bbox 883 3473 980 3530; x_wconf 65' lang='lat' dir='ltr'><strong>potest,</strong></span> <span class='ocrx_word' id='word_1_364' title='bbox 994 3469 1038 3530; x_wconf 83' lang='lat' dir='ltr'><strong>qui</strong></span> <span class='ocrx_word' id='word_1_365' title='bbox 1056 3482 1112 3516; x_wconf 66' lang='lat' dir='ltr'><strong>esne</strong></span> <span class='ocrx_word' id='word_1_366' title='bbox 1132 3473 1160 3516; x_wconf 68' lang='lat' dir='ltr'><strong>ot</strong></span> <span class='ocrx_word' id='word_1_367' title='bbox 1177 3468 1258 3532; x_wconf 64' lang='lat' dir='ltr'><strong>impe.</strong></span> 
     </span>
     <span class='ocr_line' id='line_1_45' title="bbox 155 3533 1257 3606; baseline 0.005 -17"><span class='ocrx_word' id='word_1_368' title='bbox 155 3553 249 3601; x_wconf 77' lang='lat' dir='ltr'><strong>genes:</strong></span> <span class='ocrx_word' id='word_1_369' title='bbox 267 3540 303 3586; x_wconf 86' lang='lat' dir='ltr'><strong>Et</strong></span> <span class='ocrx_word' id='word_1_370' title='bbox 313 3553 363 3598; x_wconf 84' lang='lat' dir='ltr'><strong>me,</strong></span> <span class='ocrx_word' id='word_1_371' title='bbox 374 3537 466 3600; x_wconf 80' lang='lat' dir='ltr'><strong>inquil,</strong></span> <span class='ocrx_word' id='word_1_372' title='bbox 476 3535 585 3598; x_wconf 67' lang='lat' dir='ltr'><strong>Serapin</strong></span> <span class='ocrx_word' id='word_1_373' title='bbox 596 3533 685 3584; x_wconf 64' lang='lat' dir='ltr'><strong>facite·</strong></span> <span class='ocrx_word' id='word_1_374' title='bbox 725 3557 783 3592; x_wconf 87' lang='lat' dir='ltr'><strong>rare</strong></span> <span class='ocrx_word' id='word_1_375' title='bbox 794 3543 887 3592; x_wconf 82' lang='lat' dir='ltr'><strong>desiit?</strong></span> <span class='ocrx_word' id='word_1_376' title='bbox 905 3540 950 3591; x_wconf 91' lang='lat' dir='ltr'><strong>Sio</strong></span> <span class='ocrx_word' id='word_1_377' title='bbox 970 3549 1057 3591; x_wconf 91' lang='lat' dir='ltr'><strong>tamen</strong></span> <span class='ocrx_word' id='word_1_378' title='bbox 1078 3550 1137 3606; x_wconf 86' lang='lat' dir='ltr'><strong>post</strong></span> <span class='ocrx_word' id='word_1_379' title='bbox 1155 3542 1212 3593; x_wconf 79' lang='lat' dir='ltr'><strong>sata</strong></span> <span class='ocrx_word' id='word_1_380' title='bbox 1228 3549 1257 3595; x_wconf 84' lang='lat' dir='ltr'><strong>et</strong></span> 
     </span>
     <span class='ocr_line' id='line_1_46' title="bbox 154 3609 1258 3682; baseline -0.004 -20"><span class='ocrx_word' id='word_1_381' title='bbox 154 3615 192 3662; x_wconf 90' lang='lat' dir='ltr'><strong>Ut</strong></span> <span class='ocrx_word' id='word_1_382' title='bbox 207 3615 277 3664; x_wconf 92' lang='lat' dir='ltr'><strong>enim</strong></span> <span class='ocrx_word' id='word_1_383' title='bbox 297 3611 416 3661; x_wconf 80' lang='lat' dir='ltr'><strong>Bacchus</strong></span> <span class='ocrx_word' id='word_1_384' title='bbox 433 3611 501 3660; x_wconf 89' lang='lat' dir='ltr'><strong>inter</strong></span> <span class='ocrx_word' id='word_1_385' title='bbox 516 3609 623 3672; x_wconf 80' lang='lat' dir='ltr'><strong>Satyros</strong></span> <span class='ocrx_word' id='word_1_386' title='bbox 635 3615 687 3670; x_wconf 88' lang='lat' dir='ltr'><strong>eat,</strong></span> <span class='ocrx_word' id='word_1_387' title='bbox 726 3621 827 3669; x_wconf 60' lang='lat' dir='ltr'><strong>cineres</strong></span> <span class='ocrx_word' id='word_1_388' title='bbox 840 3617 1011 3667; x_wconf 61' lang='lat' dir='ltr'><strong>aduutionem</strong></span> <span class='ocrx_word' id='word_1_389' title='bbox 1023 3619 1201 3682; x_wconf 60' lang='lat' dir='ltr'><strong>propagabant</strong></span> <span class='ocrx_word' id='word_1_390' title='bbox 1211 3618 1258 3668; x_wconf 67' lang='lat' dir='ltr'><strong>bo.</strong></span> 
     </span>
     <span class='ocr_line' id='line_1_47' title="bbox 154 3686 1259 3758; baseline 0.005 -22"><span class='ocrx_word' id='word_1_391' title='bbox 154 3687 192 3737; x_wconf 88' lang='lat' dir='ltr'><strong>ita</strong></span> <span class='ocrx_word' id='word_1_392' title='bbox 210 3689 315 3751; x_wconf 82' lang='lat' dir='ltr'><strong>Serapis</strong></span> <span class='ocrx_word' id='word_1_393' title='bbox 336 3687 367 3735; x_wconf 81' lang='lat' dir='ltr'><strong>ab</strong></span> <span class='ocrx_word' id='word_1_394' title='bbox 387 3686 624 3750; x_wconf 73' lang='lat' dir='ltr'><strong>AEgyptiia,specie</strong></span> <span class='ocrx_word' id='word_1_395' title='bbox 643 3686 688 3734; x_wconf 81' lang='lat' dir='ltr'><strong>bo·</strong></span> <span class='ocrx_word' id='word_1_396' title='bbox 726 3695 754 3743; x_wconf 91' lang='lat' dir='ltr'><strong>ni</strong></span> <span class='ocrx_word' id='word_1_397' title='bbox 774 3701 870 3758; x_wconf 82' lang='lat' dir='ltr'><strong>patres,</strong></span> <span class='ocrx_word' id='word_1_398' title='bbox 887 3693 959 3756; x_wconf 90' lang='lat' dir='ltr'><strong>quasi</strong></span> <span class='ocrx_word' id='word_1_399' title='bbox 981 3693 1107 3742; x_wconf 71' lang='lat' dir='ltr'><strong>saevitiam</strong></span> <span class='ocrx_word' id='word_1_400' title='bbox 1129 3707 1259 3742; x_wconf 85' lang='lat' dir='ltr'><strong>successo·</strong></span> 
     </span>
     <span class='ocr_line' id='line_1_48' title="bbox 155 3765 1257 3828; baseline 0.001 -15"><span class='ocrx_word' id='word_1_401' title='bbox 155 3765 326 3828; x_wconf 81' lang='lat' dir='ltr'><strong>vis,eolitur.&#39;</strong></span> <span class='ocrx_word' id='word_1_402' title='bbox 727 3785 784 3818; x_wconf 89' lang='lat' dir='ltr'><strong>rum</strong></span> <span class='ocrx_word' id='word_1_403' title='bbox 795 3770 833 3818; x_wconf 77' lang='lat' dir='ltr'><strong>sie</strong></span> <span class='ocrx_word' id='word_1_404' title='bbox 845 3768 995 3817; x_wconf 73' lang='lat' dir='ltr'><strong>redemtori.</strong></span> <span class='ocrx_word' id='word_1_405' title='bbox 1026 3770 1091 3817; x_wconf 89' lang='lat' dir='ltr'><strong>Naru</strong></span> <span class='ocrx_word' id='word_1_406' title='bbox 1103 3785 1136 3816; x_wconf 81' lang='lat' dir='ltr'><strong>ex</strong></span> <span class='ocrx_word' id='word_1_407' title='bbox 1145 3769 1257 3816; x_wconf 86' lang='lat' dir='ltr'><strong>clemen·</strong></span> 
     </span>
     <span class='ocr_line' id='line_1_49' title="bbox 187 3840 1259 3906; baseline -0.003 -12"><span class='ocrx_word' id='word_1_408' title='bbox 187 3845 223 3894; x_wconf 87' lang='lat' dir='ltr'><strong>Et</strong></span> <span class='ocrx_word' id='word_1_409' title='bbox 236 3843 385 3893; x_wconf 82' lang='lat' dir='ltr'><strong>Alexander</strong></span> <span class='ocrx_word' id='word_1_410' title='bbox 395 3842 451 3904; x_wconf 86' lang='lat' dir='ltr'><strong>ipae</strong></span> <span class='ocrx_word' id='word_1_411' title='bbox 462 3855 521 3891; x_wconf 86' lang='lat' dir='ltr'><strong>oum</strong></span> <span class='ocrx_word' id='word_1_412' title='bbox 533 3841 627 3904; x_wconf 87' lang='lat' dir='ltr'><strong>aliquis</strong></span> <span class='ocrx_word' id='word_1_413' title='bbox 636 3840 686 3902; x_wconf 85' lang='lat' dir='ltr'><strong>ipsi</strong></span> <span class='ocrx_word' id='word_1_414' title='bbox 727 3845 766 3892; x_wconf 84' lang='lat' dir='ltr'><strong>tia</strong></span> <span class='ocrx_word' id='word_1_415' title='bbox 776 3850 804 3892; x_wconf 89' lang='lat' dir='ltr'><strong>et</strong></span> <span class='ocrx_word' id='word_1_416' title='bbox 816 3842 927 3906; x_wconf 86' lang='lat' dir='ltr'><strong>Reipub.</strong></span> <span class='ocrx_word' id='word_1_417' title='bbox 939 3843 1005 3892; x_wconf 86' lang='lat' dir='ltr'><strong>bene</strong></span> <span class='ocrx_word' id='word_1_418' title='bbox 1014 3853 1096 3906; x_wconf 75' lang='lat' dir='ltr'><strong>gesta&gt;</strong></span> <span class='ocrx_word' id='word_1_419' title='bbox 1106 3842 1188 3904; x_wconf 75' lang='lat' dir='ltr'><strong>gloria</strong></span> <span class='ocrx_word' id='word_1_420' title='bbox 1198 3841 1259 3891; x_wconf 88' lang='lat' dir='ltr'><strong>boni</strong></span> 
     </span>
     <span class='ocr_line' id='line_1_50' title="bbox 156 3914 1261 3985; baseline -0.003 -17"><span class='ocrx_word' id='word_1_421' title='bbox 156 3919 236 3970; x_wconf 88' lang='lat' dir='ltr'><strong>talem</strong></span> <span class='ocrx_word' id='word_1_422' title='bbox 245 3920 407 3969; x_wconf 87' lang='lat' dir='ltr'><strong>divinitatem</strong></span> <span class='ocrx_word' id='word_1_423' title='bbox 415 3915 685 3981; x_wconf 77' lang='lat' dir='ltr'><strong>ingereret,‘.quales,’</strong></span> <span class='ocrx_word' id='word_1_424' title='bbox 727 3920 858 3985; x_wconf 85' lang='lat' dir='ltr'><strong>principes</strong></span> <span class='ocrx_word' id='word_1_425' title='bbox 870 3920 936 3968; x_wconf 84' lang='lat' dir='ltr'><strong>eoelo</strong></span> <span class='ocrx_word' id='word_1_426' title='bbox 947 3918 1043 3968; x_wconf 76' lang='lat' dir='ltr'><strong>dicati:</strong></span> <span class='ocrx_word' id='word_1_427' title='bbox 1061 3922 1191 3966; x_wconf 85' lang='lat' dir='ltr'><strong>utcontra</strong></span> <span class='ocrx_word' id='word_1_428' title='bbox 1204 3914 1261 3965; x_wconf 80' lang='lat' dir='ltr'><strong>so&#39;e·</strong></span> 
     </span>
     <span class='ocr_line' id='line_1_51' title="bbox 157 3992 1259 4062; baseline -0.005 -18"><span class='ocrx_word' id='word_1_429' title='bbox 157 3995 264 4062; x_wconf 85' lang='lat' dir='ltr'><strong>inquit‚‘</strong></span> <span class='ocrx_word' id='word_1_430' title='bbox 276 3997 324 4045; x_wconf 89' lang='lat' dir='ltr'><strong>Dii</strong></span> <span class='ocrx_word' id='word_1_431' title='bbox 334 4010 430 4057; x_wconf 83' lang='lat' dir='ltr'><strong>sumna,</strong></span> <span class='ocrx_word' id='word_1_432' title='bbox 441 3995 529 4058; x_wconf 85' lang='lat' dir='ltr'><strong>tirneo,</strong></span> <span class='ocrx_word' id='word_1_433' title='bbox 537 4007 570 4043; x_wconf 89' lang='lat' dir='ltr'><strong>ne</strong></span> <span class='ocrx_word' id='word_1_434' title='bbox 581 3993 638 4042; x_wconf 88' lang='lat' dir='ltr'><strong>Diis</strong></span> <span class='ocrx_word' id='word_1_435' title='bbox 648 3992 686 4042; x_wconf 92' lang='lat' dir='ltr'><strong>iu·</strong></span> <span class='ocrx_word' id='word_1_436' title='bbox 727 3997 806 4046; x_wconf 87' lang='lat' dir='ltr'><strong>leroai</strong></span> <span class='ocrx_word' id='word_1_437' title='bbox 816 3996 899 4059; x_wconf 77' lang='lat' dir='ltr'><strong>gloria</strong></span> <span class='ocrx_word' id='word_1_438' title='bbox 909 3995 988 4051; x_wconf 88' lang='lat' dir='ltr'><strong>omni,</strong></span> <span class='ocrx_word' id='word_1_439' title='bbox 1004 3995 1121 4056; x_wconf 84' lang='lat' dir='ltr'><strong>ooeloque</strong></span> <span class='ocrx_word' id='word_1_440' title='bbox 1132 3993 1259 4042; x_wconf 73' lang='lat' dir='ltr'><strong>eternum</strong></span> 
     </span>
     <span class='ocr_line' id='line_1_52' title="bbox 156 4065 1260 4135; baseline -0.001 -16"><span class='ocrx_word' id='word_1_441' title='bbox 156 4071 220 4121; x_wconf 75' lang='lat' dir='ltr'><strong>visi!</strong></span> <span class='ocrx_word' id='word_1_442' title='bbox 727 4072 854 4134; x_wconf 77' lang='lat' dir='ltr'><strong>abdicati,</strong></span> <span class='ocrx_word' id='word_1_443' title='bbox 865 4074 1044 4135; x_wconf 81' lang='lat' dir='ltr'><strong>perpetuaque</strong></span> <span class='ocrx_word' id='word_1_444' title='bbox 1054 4067 1081 4116; x_wconf 89' lang='lat' dir='ltr'><strong>iu</strong></span> <span class='ocrx_word' id='word_1_445' title='bbox 1093 4065 1260 4131; x_wconf 86' lang='lat' dir='ltr'><strong>posterosin·</strong></span> 
     </span>
     <span class='ocr_line' id='line_1_53' title="bbox 190 4145 1066 4211; baseline -0.005 -16"><span class='ocrx_word' id='word_1_446' title='bbox 190 4147 229 4197; x_wconf 87' lang='lat' dir='ltr'><strong>D.</strong></span> <span class='ocrx_word' id='word_1_447' title='bbox 242 4147 344 4211; x_wconf 76' lang='lat' dir='ltr'><strong>Neroni]</strong></span> <span class='ocrx_word' id='word_1_448' title='bbox 361 4148 449 4209; x_wconf 80' lang='lat' dir='ltr'><strong>Forte,</strong></span> <span class='ocrx_word' id='word_1_449' title='bbox 465 4145 525 4210; x_wconf 83' lang='lat' dir='ltr'><strong>quia</strong></span> <span class='ocrx_word' id='word_1_450' title='bbox 541 4145 688 4196; x_wconf 81' lang='lat' dir='ltr'><strong>vitaturum</strong></span> <span class='ocrx_word' id='word_1_451' title='bbox 728 4147 807 4200; x_wconf 80' lang='lat' dir='ltr'><strong>famis</strong></span> <span class='ocrx_word' id='word_1_452' title='bbox 818 4145 935 4199; x_wconf 85' lang='lat' dir='ltr'><strong>damnati</strong></span> <span class='ocrx_word' id='word_1_453' title='bbox 944 4150 1014 4194; x_wconf 70' lang='lat' dir='ltr'><strong>sunt⁸</strong></span> <span class='ocrx_word' id='word_1_454' title='bbox 1062 4184 1066 4191; x_wconf 87' lang='lat'>.</span> 
     </span>
     <span class='ocr_line' id='line_1_54' title="bbox 157 4220 689 4288; baseline -0.004 -16"><span class='ocrx_word' id='word_1_455' title='bbox 157 4220 255 4275; x_wconf 76' lang='lat' dir='ltr'><strong>nfesta</strong></span> <span class='ocrx_word' id='word_1_456' title='bbox 264 4221 450 4288; x_wconf 76' lang='lat' dir='ltr'><strong>conjuratione,</strong></span> <span class='ocrx_word' id='word_1_457' title='bbox 465 4221 521 4286; x_wconf 81' lang='lat' dir='ltr'><strong>jun</strong></span> <span class='ocrx_word' id='word_1_458' title='bbox 538 4220 613 4288; x_wconf 79' lang='lat' dir='ltr'><strong>quasi</strong></span> <span class='ocrx_word' id='word_1_459' title='bbox 623 4232 689 4270; x_wconf 85' lang='lat' dir='ltr'><strong>mor·</strong></span> 
     </span>
    </p>
   </div>
   <div class='ocr_carea' id='block_1_12' title="bbox 0 0 1503 4850">
    <p class='ocr_par' dir='ltr' id='par_1_13' title="bbox 0 0 1503 4850">
     <span class='ocr_line' id='line_1_55' title="bbox 0 0 1503 4850; baseline 0 0"><span class='ocrx_word' id='word_1_460' title='bbox 0 0 1503 4850; x_wconf 95' lang='lat' dir='ltr'><strong> </strong></span> 
     </span>
    </p>
   </div>
  </div>
 </body>
</html>
