2984 4850
181 340 339 423 acuat
548 341 754 393 auusuruer
779 344 851 395 niu.
876 344 940 413 ΧΥ.
1202 332 1289 403 1929

179 489 412 563 maurenasca
426 485 559 549 numine
568 491 774 565 exterrente·
788 506 847 553 seu
862 484 1054 553 facinornm'
1062 490 1288 559 recordatione

181 606 350 669 nunquam
373 589 487 651 timore
507 606 647 665 vacuus,
667 587 813 653 deseruit
835 592 1014 673 inceptum,
1036 596 1198 657 ‘cunctas
1220 594 1286 659 sibi

181 696 295 761 euras¹
308 708 420 752 amore
442 690 559 771 patriae
579 688 731 753 leviores'
748 691 909 755 dictitans.
955 692 1144 758 ‘Vidisse¹⁰
1164 695 1287 760 civium

180 794 349 853 moestos¹¹
366 790 486 867 vultus,
501 790 615 855 audire
631 804 777 857 secretas
792 794 1030 875 querimoniae,
1048 796 1137 877 quod
1160 800 1286 861 tantum

179 890 332 954 aditurus
354 897 443 955 esset
464 890 537 968 iter,
551 892 649 975 cnjus
663 891 704 957 ne
718 894 870 957 modicos
885 894 1019 976 quidem
1033 914 1189 976 egressus
1204 897 1285 961 tole·

174 999 302 1068 tarent,
316 992 402 1055 sueti
417 992 593 1057 adversum
614 992 751 1059 fortuita
775 1001 915 1078 aspectu
942 995 1110 1080 Principis
1135 996 1284 1061 refoveri.
1338 1044 1343 1063 ,
1382 1067 1384 1078 ,

97 1138 101 1144 .
180 1090 282 1173 Ergo,
298 1097 334 1156 ut
348 1094 380 1155 in
395 1091 548 1174 privatis'·
561 1095 861 1160 necessitudinibus
875 1098 1032 1189 propr-ima
1041 1099 1183 1189 pignora
1194 1079 1360 1180 prm-CA
1379 1146 1383 1158 .

1421 1138 1433 1167 r,

1407 1170 1412 1207 p
1426 1164 1474 1197 „ue

167 1261 274 1312 ‚pecora
284 1263 325 1297 eea
333 1248 460 1298 criminare
474 1251 616 1301 madentia
626 1268 745 1317 mquam
754 1260 817 1303 netu
833 1258 948 1313 exemtus,
959 1254 1040 1303 omisit
1049 1255 1195 1317 propositum
1206 1270 1215 1311 ,·
1229 1252 1284 1303 ereb·

177 1312 345 1372 indemens,
356 1328 469 1363 amorem
487 1315 579 1377 patriae
591 1317 639 1366 eibi
655 1318 784 1368 cariomm
802 1332 851 1367 eme
870 1320 987 1367 omnibns
1007 1320 1128 1383 negotiis.
1161 1314 1284 1367 Animad-

177 1376 290 1425 vertisse
302 1392 348 1427 ora
359 1378 453 1426 civium
472 1386 574 1440 armeta,
593 1381 684 1431 andire
702 1396 728 1431 ee
746 1383 842 1431 tacitos
853 1387 969 1446 questus,
980 1382 1049 1447 quod
1069 1389 1168 1432 tautum
1179 1381 1282 1430 itineris

176 1449 346 1503 eggreseurns
357 1450 436 1503 esset,
445 1444 519 1506 cujus
529 1458 563 1493 ne
572 1444 664 1494 breves
672 1446 776 1510 quidem
786 1444 958 1509 profectiones
967 1445 1077 1508 ferrent,
1086 1446 1157 1495 soliti
1166 1445 1281 1495 recreari

175 1506 588 1615 presentiapriocipisadrereus
604 1524 781 1574 quoscumque
800 1524 882 1561 casae.
916 1510 1010 1577 ltaque
1032 1513 1100 1561 sicut
1122 1511 1150 1559 iu
1173 1508 1281 1573 priratle

187 1568 282 1617 amiliis
292 1568 436 1635 propinqua
447 1572 555 1635 pignora
570 1574 766 1638 preponerent,
777 1574 815 1625 ite
826 1574 897 1624 eirea
912 1574 987 1625 Rom.
1005 1574 1083 1638 longe
1100 1574 1244 1640 praevalere
1255 1572 1282 1621 ia

641 1700 818 1721 mmeenu

176 1793 243 1859 Reg.
253 1795 411 1847 ivisset-lb
427 1797 479 1849 Me.
491 1798 557 1861 Reg.
567 1796 721 1847 cidere-ll
739 1796 856 1857 Gronov.
866 1802 960 1849 sento
970 1798 1066 1847 civitem.

675 1938 784 1989 NOTAE
805 1956 811 1969 ·

175 2050 301 2113 emepit,
325 2049 529 2101 Alexandrinam
556 2056 585 2101 et
610 2051 707 2101 Acbai·
745 2049 861 2115 ‘Neque
873 2056 958 2103 temen
969 2052 1075 2103 sceleris
1083 2050 1280 2119 conscientiam,

174 2138 248 2175 cant
264 2127 312 2177 aed
333 2128 511 2180 Alexandrina
530 2129 588 2191 ipeo
605 2126 707 2190 proice·
745 2142 893 2193 quanquam
905 2135 934 2179 et
949 2130 1059 2180 militnm
1074 2135 1102 2180 et
1117 2135 1221 2179 senatus
1232 2143 1279 2195 pn·

174 2200 306 2251 tionisdie
317 2203 427 2267 destitit,
446 2204 566 2254 turbatus
583 2204 707 2268 religione
745 2204 853 2269 polique
874 2205 1094 2271 gratulationibus
1116 2204 1280 2257 confirmare·

175 2278 250 2333 simul
275 2293 307 2328 ac
335 2280 460 2342 periculo.
494 2281 562 2330 Nam
589 2280 706 2330 circuitis
745 2286 799 2343 tar,
817 2288 862 2331 ant
880 2281 970 2332 atatim
993 2288 1038 2331 snt
1054 2295 1166 2345 nuquam
1185 2286 1279 2344 postea

173 2354 289 2418 templis,
296 2369 356 2405 cum
374 2356 401 2404 io
418 2356 475 2405 aede
492 2356 581 2405 Veste
596 2356 706 2405 resedit·
744 2354 815 2405 serre
835 2357 940 2421 potuit:
958 2372 1028 2422 saepe
1047 2355 1180 2407 coufessus
1191 2357 1278 2419 exegi·

173 2434 224 2493 sel,
243 2433 411 2496 consurgenti
433 2433 458 2480 ei
478 2433 590 2496 primum
609 2431 705 2481 lacinia
745 2433 797 2481 tari
822 2447 849 2482 se
872 2441 990 2484 materna
1008 2433 1106 2497 speeie,
1126 2431 1277 2482 verberibus

171 2504 299 2558 obhaesit:
317 2507 414 2557 deinde
431 2513 506 2557 tanta
516 2508 609 2558 oborta
620 2505 704 2570 caligo
743 2504 917 2572 furiarum,ae
930 2509 1005 2558 taedis
1017 2505 1179 2558 ardentibus.
1195 2505 1276 2571 {Quin

171 2589 223 2646 est,
232 2589 264 2632 ut
274 2583 402 2648 dispicere
410 2599 464 2634 non
474 2585 581 2649 posset!
743 2590 771 2633 et
792 2583 863 2634 iacto
884 2597 933 2648 per
952 2585 1046 2648 Magos
1066 2596 1149 2645 sacro,
1166 2596 1276 2632 evocare

204 2659 239 2708 ld
258 2661 320 2709 mali
338 2662 438 2721 ominis,
449 2663 518 2726 qnod
537 2661 633 2710 lacinia
650 2660 703 2711 bre·
742 2675 841 2722 manes,
854 2664 1000 2710 etexorare
1011 2657 1141 2709 tentarit!
1275 2658 1283 2666 '

172 2740 247 2785 rente
262 2735 319 2786 iere
334 2737 478 2786 ceciderit:
496 2737 535 2786 sic
547 2736 627 2800 oeno,
643 2749 702 2786 cnm
775 2736 810 2785 Et
820 2739 861 2786 46.
877 2735 994 2786 ‘Occisa
1012 2734 1116 2785 demum
1134 2731 1226 2799 matre,
1236 2735 1276 2784 ri-

172 2816 343 2873 eagnrarstar
362 2817 474 2860 assumto
501 2811 620 2874 imperio,
643 2826 703 2874 pro·
742 2809 781 2860 dit
802 2825 851 2875 per
871 2811 986 2876 quietern
1004 2825 1097 2860 navem
1114 2809 1162 2861 eibi
1173 2811 1275 2874 regenti

171 2883 257 2949 inpetu
268 2893 320 2948 est,
330 2893 358 2936 et
370 2886 397 2936 id
408 2889 481 2937 velut
491 2901 567 2938 omen
578 2887 653 2938 exitii
663 2887 701 2936 in·
741 2894 873 2938 extortum
893 2889 1104 2952 gubernaculum,
1113 2887 1233 2951 trahique
1245 2901 1275 2937 se

170 2961 282 3012 tellexit.
653 3002 658 3012 .
741 2963 775 3015 ab
787 2964 898 3014 Octavia
909 2963 1025 3013 uxorein
1037 2961 1275 3012 arctissimaeteue·

206 3037 297 3101 Veetae]
314 3040 401 3089 Vestae
414 3039 538 3104 tempium
550 3037 602 3088 fuit
613 3039 640 3088 in
658 3053 701 3088 oc·
740 3038 820 3101 bres,'
831 3042 881 3089 irc.

169 3119 231 3164 tara
250 3115 358 3178 regione
377 3115 467 3165 Roma
489 3115 617 3182 antiquam
639 3115 702 3162 oedee
773 3123 787 3158 ¹
806 3113 1047 3178 Cerae]·Praeeipne
1062 3114 1225 3178 voluptatum
1244 3119 1273 3166 at

173 3189 405 3256 Veetaeinregioue
420 3191 530 3243 decima.
562 3193 603 3242 Ex
617 3191 701 3242 Roma
740 3194 871 3240 cantuum.
899 3193 975 3240 Caras
986 3190 1112 3253 intellige,
1123 3190 1217 3254 quibus
1228 3201 1273 3242 ex·

168 3265 280 3321 Nardini
295 3267 314 3318 l.
325 3280 375 3316 xv.
392 3281 418 3316 c.
429 3273 455 3318 t.
473 3270 568 3332 pm
586 3272 614 3316 et
632 3266 651 3316 1.
664 3280 700 3316 vr.
738 3265 862 3329 agitatus,
884 3261 1019 3329 Achaiam,
1040 3265 1101 3315 dein
1130 3263 1272 3331 AEgyptum

170 3356 194 3390 c.
207 3346 247 3392 14.
259 3358 285 3406 p.
297 3347 355 3392 aar.
390 3343 512 3392 Nemee.
739 3340 882 3406 cogitabat.
1134 3392 1136 3396 ,

200 3422 211 3449 a
228 3417 333 3466 Nereine
341 3418 488 3481 exterrente]
498 3415 635 3481 Praecipue
647 3416 700 3466 for·
771 3413 784 3449 l
804 3415 1048 3481 eruptionesque
1066 3415 1093 3466 iu
1109 3417 1219 3481 privatis
1234 3415 1272 3468 fa·

170 3497 197 3541 te
208 3492 269 3542 Dea
291 3493 363 3543 Vesta
380 3493 549 3557 parricidam,
562 3493 700 3555 incestum,
738 3490 815 3542 miliia
834 3493 880 3542 seu
898 3491 1133 3557 propinquitatibus
1152 3493 1272 3558 proxima

168 3574 196 3618 et
221 3568 410 3618 incendiarium
437 3568 582 3632 principem
613 3574 699 3616 exter·
740 3567 859 3630 pignora,
874 3567 965 3630 idest,
983 3565 1029 3616 tilii
1048 3580 1094 3616 seu
1113 3567 1187 3617 liberi
1200 3568 1270 3632 apud

167 3650 252 3706 rente,
266 3643 338 3708 quod
354 3643 443 3692 Vestae
460 3648 594 3706 perpetuae
605 3641 699 3708 virgini
739 3652 859 3708 patrem
875 3643 914 3692 ita
932 3649 960 3692 et
978 3642 1004 3691 in
1015 3641 1121 3706 publica
1131 3643 1272 3693 necessitu-

166 3717 277 3770 maxime
301 3720 447 3782 adversum,
477 3733 534 3783 quae
562 3717 699 3767 sanctimo-
739 3717 800 3766 dine
826 3719 949 3781 populum
974 3718 1049 3766 Rom.
1071 3717 1223 3782 prevalere,
1239 3722 1270 3772 et

165 3794 232 3844 niam
252 3803 280 3845 et
302 3799 412 3845 salntem
424 3795 552 3858 publicam
566 3793 699 3857 precipue
739 3791 898 3856 praecipuam
910 3791 960 3840 vim
978 3790 1073 3840 habere
1090 3791 1159 3854 apud
1176 3790 1271 3854 princi·

167 3861 280 3923 curaret.
320 3873 355 3922 er
372 3872 414 3922 bio
432 3886 483 3920 oon
504 3869 581 3920 modo
599 3869 700 3934 matris,
738 3882 807 3932 pem,
815 3868 888 3917 velot
898 3867 966 3932 apud
978 3876 1079 3932 patrem
1091 3867 1201 3930 patriae:
1219 3867 1270 3916 sio·

164 3947 209 3998 aed
220 3955 250 3998 et
259 3949 355 4013 patrire
366 3947 498 4010 parricida
508 3943 567 3995 fuit.
738 3958 789 4008 que
801 3942 944 4008 parendum
961 3957 1018 3992 esse
1035 3942 1131 4008 populo
1143 3943 1216 3990 Rom.
1229 3942 1269 4005 ip·

197 4021 208 4054 ¹
225 4023 379 4087 Feeiaerara]
396 4025 508 4086 Nempe,
518 4028 547 4071 ut
563 4019 696 4096 poetpcci·
736 4034 792 4068 euru
803 4018 928 4069 retinenti
941 4017 967 4066 in
978 4016 1053 4079 urbe,
1064 4017 1108 4082 qni
1118 4021 1191 4066 certe
1201 4030 1268 4081 pree·

165 4112 206 4149 eos
224 4110 337 4165 petrem,
352 4107 472 4164 mamm,
493 4097 613 4162 fratrem,
633 4111 696 4147 uxo·
734 4093 858 4147 serendus
870 4093 946 4147 sociis
958 4100 1036 4159 atque
1046 4091 1194 4159 provinciis.

163 4176 352 4244 remgamitnm.
367 4179 411 4231 De
418 4174 566 4245 parricidiis
574 4176 695 4229 suetae.
