2984 4850
133 418 160 471 J.
173 418 204 470 c.
217 417 273 482 aa]
489 412 695 463 eruamur
720 412 794 461 nra.
811 413 893 463 xvr.
1148 397 1236 467 m

136 564 191 624 tus
203 580 219 623 :¹
235 562 312 641 post
324 556 508 639 municipio
522 555 667 639 Apuliae,
684 560 738 621 cui
751 576 871 621 nomen
884 562 943 648 'est
965 558 1128 634 Barium,q
1146 559 1236 624 clau-

135 661 234 725 ditur.
290 658 377 735 Illic,
406 658 670 739 indignissimum
697 679 814 723 casum
840 660 1002 743 sapienter
1028 660 1185 737 tolerans,
1215 678 1238 723 a

137 760 344 836 Centurione,
367 760 411 823 ad
424 759 550 823 caedem
564 761 680 837 misso,
696 761 890 843 corripitur:
912 760 1140 843 suadentique,
1154 764 1165 793 ‘
1179 780 1237 824 re·

137 880 198 925 nas
223 860 439 943 abrumpere,'
462 861 632 925 ‘animum
655 860 790 943 quidem
811 863 907 925 morti
932 858 1155 938 destinatum,'
1176 861 1237 939 ait,

136 962 222 1027 ‘sed
249 983 316 1027 non
343 965 528 1045 permittere
556 964 746 1045 percussori
777 963 915 1043 gloriam
943 960 1138 1026 ministerii?
1190 960 1240 1027 At

137 1061 306 1140 Centurio,
317 1065 468 1146 quamvis
483 1065 652 1142 inermem,
665 1064 885 1146 praevalidum
900 1070 1009 1128 tamen
1023 1070 1057 1128 ct
1069 1064 1127 1127 irae
1137 1082 1239 1145 quam
1328 1124 1333 1129 .

137 1164 249 1228 timori
271 1165 459 1248 propiorem
491 1184 640 1243 cernens,
660 1167 767 1251 premi
791 1166 988 1236 amilitibus
1007 1165 1113 1248 jubet.
1166 1162 1240 1228 Nec

138 1265 252 1330 omisit
266 1266 401 1331 Silenus
417 1268 520 1331 obniti
542 1273 576 1332 et
597 1269 765 1332 intendere
788 1271 886 1344 ictus,
910 1272 1067 1350 quantum
1086 1265 1241 1330 manibus

137 1365 238 1429 nudis
250 1366 396 1442 valebat,
417 1366 521 1429 donec
537 1387 558 1431 a
573 1366 770 1433 Centurione
784 1369 976 1433 vulneribus
996 1367 1155 1444 adversiS,
1169 1372 1240 1429 tan-

139 1486 241 1548 quam
254 1466 289 1530 in
304 1485 427 1550 pugna,
449 1467 593 1533 caderet.

138 1642 198 1690 tium
209 1645 346 1691 umcudutus
355 1658 365 1699 ,·
380 1643 528 1705 moxoppidc
538 1643 641 1705 Apulia,
652 1646 710 1705 quod
723 1645 826 1709 Barium
844 1650 936 1708 meust,
950 1646 1088 1695 includitur,
1121 1644 1176 1692 rute
1192 1643 1240 1693 iai·

137 1708 272 1768 moenum
284 1706 408 1765 sortuuum
418 1722 470 1754 cum
479 1709 606 1768 prudenter
618 1706 706 1769 ferret,
715 1708 808 1757 incedit
818 1724 871 1757 eum
883 1710 1004 1769 Centurio,
1014 1711 1054 1771 qui
1064 1711 1096 1757 ed
1106 1710 1190 1757 wdem
1201 1708 1240 1772 ip·

138 1770 192 1819 sius
209 1771 292 1819 missus
313 1770 407 1819 fuerat.
442 1771 594 1832 Mouentique
612 1771 777 1829 ‘Centuriont
798 1778 828 1820 ut
846 1787 924 1821 renas
948 1774 1104 1831 exsolveret,
1127 1772 1240 1821 animum

140 1847 201 1881 sane
213 1836 289 1883 morti
301 1840 419 1897 paratam
430 1835 503 1895 dixit,
514 1835 559 1883 sed
570 1834 731 1883 interfectori
742 1837 802 1884 reid
813 1836 892 1884 decus
902 1835 978 1885 officii
989 1851 1040 1885 non
1050 1849 1239 1884 concessurum.

138 1896 175 1947 Ar
189 1899 299 1946 Centurio
313 1900 367 1947 ticet
377 1898 498 1958 inensem,
508 1898 628 1947 robustum
644 1905 730 1959 tamer,
744 1905 768 1947 et
778 1900 822 1947 iroe
833 1915 904 1962 quum
917 1901 1000 1962 poscru'
1007 1900 1159 1962 promtiorem
1169 1898 1240 1946 illum

138 1962 335 2023 arirundeerterm
345 1963 486 2010 circumdari
493 1964 590 2025 propius
600 1977 616 2009 u
626 1962 820 2021 militibusjubet.
854 1964 906 2012 Nee
916 1964 986 2012 desiit
1003 1964 1101 2013 dilusus
1117 1961 1240 2022 obluctari,

139 2030 162 2073 et
174 2026 282 2088 infligere
289 2027 361 2088 ictus,
376 2030 487 2088 quantum
496 2027 565 2074 sudis
575 2026 682 2074 munibus
690 2031 793 2089 poterut,
802 2029 873 2077 detrec
882 2043 898 2075 u
909 2028 1061 2090 centurione,
1072 2028 1135 2076 suu
1145 2027 1172 2075 iu
1181 2040 1242 2089 proe·

140 2090 183 2151 lic,
193 2092 324 2139 vulneribus
333 2106 348 2138 a
354 2090 438 2152 fronte
449 2090 553 2152 exceptis
564 2090 727 2155 corfireretur.

627 2225 739 2277 NOTAE

141 2352 212 2387 mum
229 2339 255 2388 in
272 2326 379 2389 civitate
396 2337 559 2386 auctoritatis
575 2337 673 2400 habuit,
713 2344 791 2387 necta
803 2338 886 2389 Cassii
903 2345 1057 2405 expectatur
1075 2339 1142 2401 apud
1158 2338 1244 2388 Sardi·

143 2414 225 2464 donec
242 2430 300 2464 eum
318 2413 417 2476 Caesar,
435 2413 527 2478 (Nero,
537 2428 588 2462 uon
600 2414 674 2462 Clau-
714 2414 792 2474 uiam,
808 2430 856 2465 uec
873 2416 919 2465 abs
936 2431 974 2479 re,
990 2416 1062 2477 cujus
1078 2414 1170 2464 coelum
1187 2429 1245 2476 gra·

142 2491 209 2551 dins,
229 2491 268 2539 uti
290 2488 417 2553 cenaent‚)
438 2490 562 2552 pelleret:
586 2491 675 2551 expui·
715 2491 771 2539 rius
781 2491 850 2541 forte
861 2491 921 2553 ipsa
929 2495 1065 2540 senectute
1076 2487 1136 2538 suit.

141 2581 238 2630 susque
247 2565 279 2615 ab
296 2580 327 2614 eo
339 2566 365 2613 in
377 2564 529 2628 Sardiniam,
538 2569 675 2613 revocatus
747 2565 862 2615 Senectus
871 2566 931 2628 ejus]
954 2567 1089 2627 Senectus,
1099 2578 1146 2612 seu
1157 2562 1243 2625 potius

141 2655 159 2690 a
174 2639 353 2703 Vespasiano!
417 2645 418 2650 ’
715 2657 749 2690 ex
763 2649 898 2692 senectute
917 2657 984 2691 mors
1001 2642 1069 2690 iliius
1086 2640 1244 2704 expectaba-

177 2716 219 2764 De
242 2715 335 2764 eximia
360 2715 414 2777 ejus
442 2715 561 2776 scientia,
585 2721 674 2765 noster
715 2722 767 2779 tur,
778 2719 923 2780 presertim
942 2726 996 2768 tam
1013 2718 1095 2768 atroci
1111 2715 1244 2767 insalubrl·
1328 2721 1333 2727 ’

142 2795 162 2843 l.
175 2806 228 2843 xrr.
246 2792 254 2820 ‘
267 2794 305 2841 Ee
324 2799 480 2854 tempestate
492 2793 593 2840 Cassius
604 2799 675 2841 cete·
715 2808 766 2857 que
775 2795 849 2844 ereio.

143 2882 186 2918 ros
197 2868 383 2931 praeeminebat
395 2869 487 2930 peritia
498 2867 602 2932 legum?
623 2869 676 2918 Pli-
747 2870 791 2919 Sic
803 2885 880 2932 supra
889 2876 1022 2918 senectam
1032 2869 1135 2919 Cluudd
1152 2880 1246 2931 expec-

143 2944 201 2992 uius
213 2944 296 3006 Epist.
314 2944 331 2991 l.
343 2957 393 2992 vrr.
411 2945 527 3006 ‘Lecton
545 2944 612 3007 quod
633 2945 676 2993 do·
716 2949 773 2992 tere
784 2943 888 2992 nolebat
898 2943 976 2991 Silius
992 2943 1102 2990 amasios
1120 2942 1245 2989 Messalli-

144 3035 201 3069 mus
223 3021 253 3070 C.
275 3020 365 3081 Cassii,
385 3019 460 3080 liujus
479 3019 523 3082 qui
546 3019 676 3067 Cassianae
716 3032 766 3077 nae,
777 3017 804 3066 id
815 3025 866 3076 est,
877 3016 1107 3074 mortemClaudii,
1115 3021 1246 3076 utuempe

144 3095 240 3144 seholae
259 3094 381 3156 princeps
398 3101 425 3140 et
442 3107 536 3154 parens
554 3091 678 3153 fnit,ser·
717 3091 871 3140 succederet
887 3092 966 3154 ipsius
991 3099 1048 3139 toro
1070 3097 1098 3138 et
1120 3089 1246 3150 imperia,

143 3169 377 3219 vietdorninonon
388 3167 499 3216 minori!
533 3167 638 3228 Lipsius.
717 3167 734 3214 l.
746 3171 835 3217 md.
852 3167 979 3230 ‘Quippe
991 3181 1041 3214 non
1053 3180 1084 3215 eo
1093 3169 1248 3227 ventum‚nt

177 3245 221 3294 Ne
241 3245 353 3294 dubites.
386 3244 428 3292 Sic
446 3245 464 3292 l.
482 3256 544 3291 xrrr.
562 3242 615 3290 ⁴1³.
629 3242 677 3292 Ce-
716 3248 846 3291 senectam
860 3242 984 3305 principis
995 3237 1197 3303 opperirentur!

142 3321 235 3382 ierem,
251 3321 311 3384 quia
328 3319 461 3368 absolvere
480 3319 603 3381 nequibat
620 3319 677 3368 Cae-
750 3324 762 3350 ⁰
778 3319 886 3381 Nexum]
900 3317 995 3378 Nuces,
1004 3317 1145 3381 Cycladum
1154 3315 1249 3364 insula·

145 3411 198 3456 sar,
207 3396 288 3445 traxit
296 3403 409 3456 senecta,
419 3395 502 3443 donec
514 3403 623 3443 mortem
633 3392 677 3443 ob·
718 3408 774 3441 rum
799 3409 849 3442 rma
877 3395 903 3441 in
931 3393 994 3442 mari
1020 3395 1117 3455 AEgaeo.
1162 3390 1249 3442 Hodie

146 3469 219 3520 iret!
719 3470 813 3532 Naxia,
835 3471 875 3519 vel
899 3470 998 3529 Nursia,
1019 3471 1046 3516 in
1064 3469 1248 3532 Archipelago,

179 3545 281 3594 Secutus
287 3547 330 3606 jus
341 3545 519 3608 expectabatur]
538 3547 615 3595 Forte
632 3545 677 3594 ali·
719 3546 766 3593 sub
777 3547 885 3594 Turcieo
901 3546 1010 3609 imperio
1028 3545 1165 3607 Europaeo.
1200 3542 1249 3592 iit·

146 3619 209 3684 quid
228 3621 264 3668 ibi
282 3619 419 3669 addiderat
435 3619 538 3669 Tacitus
556 3622 589 3668 de
602 3621 679 3682 incle·
719 3622 839 3669 kmoaius.

146 3696 243 3745 mentia
265 3696 325 3744 coeli
356 3696 446 3743 insulae
469 3695 600 3744 sardiniae.
644 3697 680 3744 Et
752 3694 889 3756 rosum]
908 3697 935 3744 L.
948 3699 1076 3745 11.c.26.
1152 3728 1153 3741 .

147 3785 207 3822 eum
219 3771 293 3830 dicit,
305 3779 466 3820 senectutem
482 3772 538 3833 ejus
558 3778 679 3834 expecta·
752 3778 765 3810 ‘¹
781 3770 894 3831 Barium]
918 3769 987 3820 Urbs
999 3769 1139 3832 Apulorum
1152 3768 1251 3817 Penes·

147 3853 210 3910 taur,
220 3855 352 3911 comparat
370 3863 430 3897 eum
447 3863 504 3897 cum
521 3849 617 3905 Silano,
637 3849 679 3911 qui
721 3847 816 3893 tiorum
828 3845 860 3892 ad
877 3859 947 3893 mare
960 3845 1121 3893 Adriaticum
1140 3844 1166 3890 in
1177 3840 1250 3903 Apu-

146 3924 399 3974 statirnoceisnsest
416 3925 484 3986 spurt
501 3923 680 3987 Barium,quie
721 3921 757 3968 lia
779 3921 912 3981 provmcia
932 3919 1024 3967 ltaliae.
1069 3917 1155 3965 Hodie
1182 3915 1251 3980 Buri,

141 3997 230 4062 junior
248 3999 407 4058 ille-Cassio,
424 4004 451 4046 et
470 3999 543 4062 eujus
563 4007 679 4047 serreetu·
723 3993 783 4042 urbs
806 3995 960 4052 Provinciae,
980 4007 1025 4042 seu
1043 3994 1127 4040 Terrae
1149 3989 1251 4038 errat

147 4080 201 4124 tem
215 4076 258 4124 utu
271 4081 298 4123 et
316 4073 383 4122 forte
402 4073 500 4123 frustra
515 4078 681 4137 expectasset
722 4069 749 4116 in
757 4084 835 4132 regno
847 4070 1036 4130 Neapolitano:
1053 4072 1129 4131 paret
1136 4065 1192 4129 regi
1201 4064 1250 4114 Ca·

150 4151 236 4201 Nero.
723 4147 828 4200 moues.
863 4147 1019 4198 litteratulus.

182 4225 277 4294 ltaque
287 4226 376 4276 rtatim
385 4226 514 4277 occiditur
524 4227 636 4289 Silanus,
645 4240 684 4276 se·
737 4259 740 4262 -
