<?xml version="1.0" encoding="UTF-8"?>
<!DOCTYPE html PUBLIC "-//W3C//DTD XHTML 1.0 Transitional//EN"
    "http://www.w3.org/TR/xhtml1/DTD/xhtml1-transitional.dtd">
<html xmlns="http://www.w3.org/1999/xhtml" xml:lang="en" lang="en">
 <head>
  <title>
</title>
<meta http-equiv="Content-Type" content="text/html;charset=utf-8" />
  <meta name='ocr-system' content='tesseract 3.04.00' />
  <meta name='ocr-capabilities' content='ocr_page ocr_carea ocr_par ocr_line ocrx_word'/>
</head>
<body>
  <div class='ocr_page' id='page_1' title='image "./ccorneliitaciti03unkngoog_0190.png"; bbox 0 0 2984 4850; ppageno 0'>
   <div class='ocr_carea' id='block_1_1' title="bbox 164 358 1357 441">
    <p class='ocr_par' dir='ltr' id='par_1_1' title="bbox 164 358 1357 441">
     <span class='ocr_line' id='line_1_1' title="bbox 164 358 1357 441; baseline -0.007 -16"><span class='ocrx_word' id='word_1_1' title='bbox 164 358 170 367; x_wconf 89' lang='lat'>&#39;</span> <span class='ocrx_word' id='word_1_2' title='bbox 253 362 341 431; x_wconf 75' lang='lat' dir='ltr'><strong>tuuc</strong></span> <span class='ocrx_word' id='word_1_3' title='bbox 604 376 638 425; x_wconf 90' lang='lat' dir='ltr'><strong>c.</strong></span> <span class='ocrx_word' id='word_1_4' title='bbox 661 372 846 423; x_wconf 78' lang='lat' dir='ltr'><strong>corneam</strong></span> <span class='ocrx_word' id='word_1_5' title='bbox 864 372 994 421; x_wconf 77' lang='lat' dir='ltr'><strong>nsoter</strong></span> <span class='ocrx_word' id='word_1_6' title='bbox 1191 374 1357 441; x_wconf 77' lang='lat' dir='ltr'><strong>[A.u..uc.</strong></span> 
     </span>
    </p>
   </div>
   <div class='ocr_carea' id='block_1_2' title="bbox 250 530 1357 1695">
    <p class='ocr_par' dir='ltr' id='par_1_2' title="bbox 250 530 1357 1695">
     <span class='ocr_line' id='line_1_2' title="bbox 253 530 1357 618; baseline -0.005 -15"><span class='ocrx_word' id='word_1_7' title='bbox 253 534 332 603; x_wconf 86' lang='lat' dir='ltr'><strong>des.¹</strong></span> <span class='ocrx_word' id='word_1_8' title='bbox 373 532 518 618; x_wconf 81' lang='lat' dir='ltr'><strong>Jamque</strong></span> <span class='ocrx_word' id='word_1_9' title='bbox 532 537 565 598; x_wconf 90' lang='lat' dir='ltr'><strong>et</strong></span> <span class='ocrx_word' id='word_1_10' title='bbox 577 532 740 618; x_wconf 78' lang='lat' dir='ltr'><strong>palatium</strong></span> <span class='ocrx_word' id='word_1_11' title='bbox 757 531 970 597; x_wconf 84' lang='lat' dir='ltr'><strong>multitudine·</strong></span> <span class='ocrx_word' id='word_1_12' title='bbox 985 535 1020 595; x_wconf 88' lang='lat' dir='ltr'><strong>et</strong></span> <span class='ocrx_word' id='word_1_13' title='bbox 1044 530 1246 596; x_wconf 76' lang='lat' dir='ltr'><strong>clamoribus</strong></span> <span class='ocrx_word' id='word_1_14' title='bbox 1265 550 1357 597; x_wconf 90' lang='lat' dir='ltr'><strong>com·</strong></span> 
     </span>
     <span class='ocr_line' id='line_1_3' title="bbox 253 631 1357 723; baseline -0.005 -18"><span class='ocrx_word' id='word_1_15' title='bbox 253 638 399 723; x_wconf 83' lang='lat' dir='ltr'><strong>plebant,</strong></span> <span class='ocrx_word' id='word_1_16' title='bbox 423 656 500 700; x_wconf 92' lang='lat' dir='ltr'><strong>cum</strong></span> <span class='ocrx_word' id='word_1_17' title='bbox 525 634 654 699; x_wconf 84' lang='lat' dir='ltr'><strong>emissi²</strong></span> <span class='ocrx_word' id='word_1_18' title='bbox 677 634 819 699; x_wconf 89' lang='lat' dir='ltr'><strong>militum</strong></span> <span class='ocrx_word' id='word_1_19' title='bbox 846 632 937 716; x_wconf 77' lang='lat' dir='ltr'><strong>globi</strong></span> <span class='ocrx_word' id='word_1_20' title='bbox 961 631 1151 697; x_wconf 85' lang='lat' dir='ltr'><strong>verberibus</strong></span> <span class='ocrx_word' id='word_1_21' title='bbox 1178 637 1212 696; x_wconf 87' lang='lat' dir='ltr'><strong>et</strong></span> <span class='ocrx_word' id='word_1_22' title='bbox 1231 634 1357 699; x_wconf 85' lang='lat' dir='ltr'><strong>intento</strong></span> 
     </span>
     <span class='ocr_line' id='line_1_4' title="bbox 253 732 1356 821; baseline -0.004 -17"><span class='ocrx_word' id='word_1_23' title='bbox 253 740 338 805; x_wconf 83' lang='lat' dir='ltr'><strong>ferro</strong></span> <span class='ocrx_word' id='word_1_24' title='bbox 364 740 504 803; x_wconf 84' lang='lat' dir='ltr'><strong>tnrbam³</strong></span> <span class='ocrx_word' id='word_1_25' title='bbox 533 737 703 821; x_wconf 87' lang='lat' dir='ltr'><strong>disjecere.</strong></span> <span class='ocrx_word' id='word_1_26' title='bbox 749 734 958 817; x_wconf 85' lang='lat' dir='ltr'><strong>Mutataqne,</strong></span> <span class='ocrx_word' id='word_1_27' title='bbox 981 754 1058 818; x_wconf 82' lang='lat' dir='ltr'><strong>quoe</strong></span> <span class='ocrx_word' id='word_1_28' title='bbox 1075 752 1134 817; x_wconf 88' lang='lat' dir='ltr'><strong>per</strong></span> <span class='ocrx_word' id='word_1_29' title='bbox 1156 732 1356 800; x_wconf 76' lang='lat' dir='ltr'><strong>seditionem</strong></span> 
     </span>
     <span class='ocr_line' id='line_1_5' title="bbox 253 828 1356 922; baseline -0.009 -14"><span class='ocrx_word' id='word_1_30' title='bbox 253 846 428 917; x_wconf 83' lang='lat' dir='ltr'><strong>verterant,</strong></span> <span class='ocrx_word' id='word_1_31' title='bbox 443 845 490 903; x_wconf 69' lang='lat' dir='ltr'><strong>ct*</strong></span> <span class='ocrx_word' id='word_1_32' title='bbox 504 838 669 922; x_wconf 81' lang='lat' dir='ltr'><strong>Poppceae</strong></span> <span class='ocrx_word' id='word_1_33' title='bbox 687 838 794 901; x_wconf 83' lang='lat' dir='ltr'><strong>honos</strong></span> <span class='ocrx_word' id='word_1_34' title='bbox 814 836 984 919; x_wconf 86' lang='lat' dir='ltr'><strong>repositus</strong></span> <span class='ocrx_word' id='word_1_35' title='bbox 1005 840 1068 899; x_wconf 78' lang='lat' dir='ltr'><strong>est</strong></span> <span class='ocrx_word' id='word_1_36' title='bbox 1112 832 1201 913; x_wconf 80' lang='lat' dir='ltr'><strong>Quae</strong></span> <span class='ocrx_word' id='word_1_37' title='bbox 1222 828 1356 919; x_wconf 77' lang='lat' dir='ltr'><strong>semper</strong></span> 
     </span>
     <span class='ocr_line' id='line_1_6' title="bbox 252 936 1356 1021; baseline -0.005 -14"><span class='ocrx_word' id='word_1_38' title='bbox 252 942 344 1020; x_wconf 90' lang='lat' dir='ltr'><strong>odio,</strong></span> <span class='ocrx_word' id='word_1_39' title='bbox 363 944 434 1005; x_wconf 90' lang='lat' dir='ltr'><strong>tum</strong></span> <span class='ocrx_word' id='word_1_40' title='bbox 449 945 494 1005; x_wconf 85' lang='lat' dir='ltr'><strong>et⁵</strong></span> <span class='ocrx_word' id='word_1_41' title='bbox 509 948 600 1004; x_wconf 90' lang='lat' dir='ltr'><strong>metu</strong></span> <span class='ocrx_word' id='word_1_42' title='bbox 624 945 735 1017; x_wconf 82' lang='lat' dir='ltr'><strong>atrox,</strong></span> <span class='ocrx_word' id='word_1_43' title='bbox 751 956 795 1003; x_wconf 90' lang='lat' dir='ltr'><strong>ne</strong></span> <span class='ocrx_word' id='word_1_44' title='bbox 817 940 874 1003; x_wconf 86' lang='lat' dir='ltr'><strong>ant</strong></span> <span class='ocrx_word' id='word_1_45' title='bbox 890 936 980 1019; x_wconf 81' lang='lat' dir='ltr'><strong>vulgi</strong></span> <span class='ocrx_word' id='word_1_46' title='bbox 993 938 1102 1001; x_wconf 86' lang='lat' dir='ltr'><strong>acrior</strong></span> <span class='ocrx_word' id='word_1_47' title='bbox 1113 938 1167 1002; x_wconf 79' lang='lat' dir='ltr'><strong>ris</strong></span> <span class='ocrx_word' id='word_1_48' title='bbox 1179 939 1356 1021; x_wconf 79' lang='lat' dir='ltr'><strong>ingrueret,</strong></span> 
     </span>
     <span class='ocr_line' id='line_1_7' title="bbox 252 1039 1356 1124; baseline -0.004 -15"><span class='ocrx_word' id='word_1_49' title='bbox 252 1040 311 1109; x_wconf 75' lang='lat' dir='ltr'><strong>aut</strong></span> <span class='ocrx_word' id='word_1_50' title='bbox 323 1042 416 1108; x_wconf 88' lang='lat' dir='ltr'><strong>Nero</strong></span> <span class='ocrx_word' id='word_1_51' title='bbox 431 1042 645 1107; x_wconf 78' lang='lat' dir='ltr'><strong>inclinatione</strong></span> <span class='ocrx_word' id='word_1_52' title='bbox 667 1040 787 1124; x_wconf 83' lang='lat' dir='ltr'><strong>populi</strong></span> <span class='ocrx_word' id='word_1_53' title='bbox 808 1042 1001 1115; x_wconf 77' lang='lat' dir='ltr'><strong>mutarent,</strong></span> <span class='ocrx_word' id='word_1_54' title='bbox 1021 1039 1198 1122; x_wconf 84' lang='lat' dir='ltr'><strong>provoluta</strong></span> <span class='ocrx_word' id='word_1_55' title='bbox 1217 1040 1356 1122; x_wconf 77' lang='lat' dir='ltr'><strong>genibus</strong></span> 
     </span>
     <span class='ocr_line' id='line_1_8' title="bbox 251 1139 1357 1231; baseline -0.002 -22"><span class='ocrx_word' id='word_1_56' title='bbox 251 1144 345 1231; x_wconf 80' lang='lat' dir='ltr'><strong>&#39;ejus3</strong></span> <span class='ocrx_word' id='word_1_57' title='bbox 367 1142 525 1209; x_wconf 88' lang='lat' dir='ltr'><strong>‘Noneo</strong></span> <span class='ocrx_word' id='word_1_58' title='bbox 540 1142 608 1207; x_wconf 89' lang='lat' dir='ltr'><strong>loci</strong></span> <span class='ocrx_word' id='word_1_59' title='bbox 632 1160 686 1206; x_wconf 85' lang='lat' dir='ltr'><strong>res</strong></span> <span class='ocrx_word' id='word_1_60' title='bbox 709 1159 790 1205; x_wconf 88' lang='lat' dir='ltr'><strong>snas</strong></span> <span class='ocrx_word' id='word_1_61' title='bbox 812 1140 880 1222; x_wconf 82' lang='lat' dir='ltr'><strong>agi,</strong></span> <span class='ocrx_word' id='word_1_62' title='bbox 903 1144 942 1203; x_wconf 89' lang='lat' dir='ltr'><strong>ut</strong></span> <span class='ocrx_word' id='word_1_63' title='bbox 964 1139 1007 1205; x_wconf 89' lang='lat' dir='ltr'><strong>de</strong></span> <span class='ocrx_word' id='word_1_64' title='bbox 1027 1141 1237 1207; x_wconf 85' lang='lat' dir='ltr'><strong>matrimonio</strong></span> <span class='ocrx_word' id='word_1_65' title='bbox 1251 1146 1357 1207; x_wconf 87' lang='lat' dir='ltr'><strong>certet</strong></span> 
     </span>
     <span class='ocr_line' id='line_1_9' title="bbox 250 1241 1356 1330; baseline -0.003 -20"><span class='ocrx_word' id='word_1_66' title='bbox 250 1244 458 1330; x_wconf 80' lang='lat' dir='ltr'><strong>(quenquam</strong></span> <span class='ocrx_word' id='word_1_67' title='bbox 479 1243 516 1307; x_wconf 90' lang='lat' dir='ltr'><strong>id</strong></span> <span class='ocrx_word' id='word_1_68' title='bbox 535 1244 601 1308; x_wconf 89' lang='lat' dir='ltr'><strong>sibi</strong></span> <span class='ocrx_word' id='word_1_69' title='bbox 614 1244 685 1309; x_wconf 81' lang='lat' dir='ltr'><strong>vita</strong></span> <span class='ocrx_word' id='word_1_70' title='bbox 697 1243 822 1327; x_wconf 84' lang='lat' dir='ltr'><strong>potius)</strong></span> <span class='ocrx_word' id='word_1_71' title='bbox 845 1241 907 1305; x_wconf 88' lang='lat' dir='ltr'><strong>sed</strong></span> <span class='ocrx_word' id='word_1_72' title='bbox 926 1242 1030 1307; x_wconf 81' lang='lat' dir='ltr'><strong>vitam</strong></span> <span class='ocrx_word' id='word_1_73' title='bbox 1051 1243 1164 1323; x_wconf 88' lang='lat' dir='ltr'><strong>ipsam</strong></span> <span class='ocrx_word' id='word_1_74' title='bbox 1186 1244 1220 1305; x_wconf 92' lang='lat' dir='ltr'><strong>in</strong></span> <span class='ocrx_word' id='word_1_75' title='bbox 1243 1247 1356 1307; x_wconf 83' lang='lat' dir='ltr'><strong>extre·</strong></span> 
     </span>
     <span class='ocr_line' id='line_1_10' title="bbox 250 1502 1357 1645; baseline 0.005 -27"><span class='ocrx_word' id='word_1_76' title='bbox 250 1502 1357 1645; x_wconf 39' lang='lat' dir='ltr'><strong>mmmmm&amp;</strong></span> 
     </span>
     <span class='ocr_line' id='line_1_11' title="bbox 250 1628 1357 1695; baseline -0.005 -14"><span class='ocrx_word' id='word_1_77' title='bbox 250 1634 416 1683; x_wconf 67' lang='lat' dir='ltr'><strong>redemtum</strong></span> <span class='ocrx_word' id='word_1_78' title='bbox 423 1638 512 1695; x_wconf 74' lang='lat' dir='ltr'><strong>mpetu</strong></span> <span class='ocrx_word' id='word_1_79' title='bbox 524 1637 684 1693; x_wconf 53' lang='lat' dir='ltr'><strong>ammonent</strong></span> <span class='ocrx_word' id='word_1_80' title='bbox 698 1632 764 1679; x_wconf 85' lang='lat' dir='ltr'><strong>Nero</strong></span> <span class='ocrx_word' id='word_1_81' title='bbox 772 1629 1123 1689; x_wconf 70' lang='lat' dir='ltr'><strong>stsdsnoslgrcdstsrreretsr,</strong></span> <span class='ocrx_word' id='word_1_82' title='bbox 1133 1628 1357 1691; x_wconf 64' lang='lat' dir='ltr'><strong>ompedsbsssecs·</strong></span> 
     </span>
    </p>
   </div>
   <div class='ocr_carea' id='block_1_3' title="bbox 250 1691 1356 1825">
    <p class='ocr_par' dir='ltr' id='par_1_3' title="bbox 250 1691 1356 1825">
     <span class='ocr_line' id='line_1_12' title="bbox 250 1691 1356 1755; baseline -0.005 -10"><span class='ocrx_word' id='word_1_83' title='bbox 250 1698 424 1745; x_wconf 76' lang='lat' dir='ltr'><strong>demdisscrit:</strong></span> <span class='ocrx_word' id='word_1_84' title='bbox 441 1698 502 1745; x_wconf 87' lang='lat' dir='ltr'><strong>Non</strong></span> <span class='ocrx_word' id='word_1_85' title='bbox 517 1711 547 1744; x_wconf 83' lang='lat' dir='ltr'><strong>eo</strong></span> <span class='ocrx_word' id='word_1_86' title='bbox 561 1704 683 1745; x_wconf 83' lang='lat' dir='ltr'><strong>statores</strong></span> <span class='ocrx_word' id='word_1_87' title='bbox 695 1709 755 1743; x_wconf 85' lang='lat' dir='ltr'><strong>suas</strong></span> <span class='ocrx_word' id='word_1_88' title='bbox 766 1708 834 1755; x_wconf 88' lang='lat' dir='ltr'><strong>esse,</strong></span> <span class='ocrx_word' id='word_1_89' title='bbox 844 1698 874 1741; x_wconf 88' lang='lat' dir='ltr'><strong>nt</strong></span> <span class='ocrx_word' id='word_1_90' title='bbox 888 1692 1033 1742; x_wconf 81' lang='lat' dir='ltr'><strong>contendet</strong></span> <span class='ocrx_word' id='word_1_91' title='bbox 1043 1692 1077 1740; x_wconf 89' lang='lat' dir='ltr'><strong>de</strong></span> <span class='ocrx_word' id='word_1_92' title='bbox 1086 1692 1217 1755; x_wconf 75' lang='lat' dir='ltr'><strong>conjugio,</strong></span> <span class='ocrx_word' id='word_1_93' title='bbox 1227 1691 1356 1755; x_wconf 78' lang='lat' dir='ltr'><strong>(quamvis</strong></span> 
     </span>
     <span class='ocr_line' id='line_1_13' title="bbox 251 1756 1355 1825; baseline -0.002 -16"><span class='ocrx_word' id='word_1_94' title='bbox 251 1760 315 1810; x_wconf 86' lang='lat' dir='ltr'><strong>illud</strong></span> <span class='ocrx_word' id='word_1_95' title='bbox 328 1760 379 1811; x_wconf 87' lang='lat' dir='ltr'><strong>sibi</strong></span> <span class='ocrx_word' id='word_1_96' title='bbox 390 1760 444 1809; x_wconf 80' lang='lat' dir='ltr'><strong>vita</strong></span> <span class='ocrx_word' id='word_1_97' title='bbox 454 1762 538 1809; x_wconf 84' lang='lat' dir='ltr'><strong>carina</strong></span> <span class='ocrx_word' id='word_1_98' title='bbox 548 1758 609 1825; x_wconf 83' lang='lat' dir='ltr'><strong>sit;)</strong></span> <span class='ocrx_word' id='word_1_99' title='bbox 626 1758 762 1809; x_wconf 78' lang='lat' dir='ltr'><strong>sedvitam</strong></span> <span class='ocrx_word' id='word_1_100' title='bbox 772 1758 857 1820; x_wconf 87' lang='lat' dir='ltr'><strong>ipsam</strong></span> <span class='ocrx_word' id='word_1_101' title='bbox 867 1756 894 1805; x_wconf 90' lang='lat' dir='ltr'><strong>in</strong></span> <span class='ocrx_word' id='word_1_102' title='bbox 910 1756 1030 1806; x_wconf 86' lang='lat' dir='ltr'><strong>ultimum</strong></span> <span class='ocrx_word' id='word_1_103' title='bbox 1048 1756 1189 1805; x_wconf 73' lang='lat' dir='ltr'><strong>discrimen</strong></span> <span class='ocrx_word' id='word_1_104' title='bbox 1208 1756 1355 1819; x_wconf 80' lang='lat' dir='ltr'><strong>conjectam</strong></span> 
     </span>
    </p>
   </div>
   <div class='ocr_carea' id='block_1_4' title="bbox 722 1874 902 1896">
    <p class='ocr_par' dir='ltr' id='par_1_4' title="bbox 722 1874 902 1896">
     <span class='ocr_line' id='line_1_14' title="bbox 722 1874 902 1896; baseline -0.017 -1"><span class='ocrx_word' id='word_1_105' title='bbox 722 1874 902 1896; x_wconf 62' lang='lat' dir='ltr'><strong>“menone</strong></span> 
     </span>
    </p>
   </div>
   <div class='ocr_carea' id='block_1_5' title="bbox 250 1924 1357 2063">
    <p class='ocr_par' dir='ltr' id='par_1_5' title="bbox 250 1924 1357 2063">
     <span class='ocr_line' id='line_1_15' title="bbox 250 1924 1357 2063; baseline -0.005 -67"><span class='ocrx_word' id='word_1_106' title='bbox 250 1924 329 2063; x_wconf 51' lang='lat' dir='ltr'><strong>{ff</strong></span> <span class='ocrx_word' id='word_1_107' title='bbox 337 1944 459 1995; x_wconf 76' lang='lat' dir='ltr'><strong>feeereet</strong></span> <span class='ocrx_word' id='word_1_108' title='bbox 471 1945 576 2007; x_wconf 80' lang='lat' dir='ltr'><strong>Bipont.</strong></span> <span class='ocrx_word' id='word_1_109' title='bbox 585 1944 749 2007; x_wconf 86' lang='lat' dir='ltr'><strong>transpositis</strong></span> <span class='ocrx_word' id='word_1_110' title='bbox 757 1941 894 2007; x_wconf 70' lang='lat' dir='ltr'><strong>phrasibus</strong></span> <span class='ocrx_word' id='word_1_111' title='bbox 905 1942 954 2001; x_wconf 88' lang='lat' dir='ltr'><strong>ita,</strong></span> <span class='ocrx_word' id='word_1_112' title='bbox 961 1945 991 1989; x_wconf 90' lang='lat' dir='ltr'><strong>ut</strong></span> <span class='ocrx_word' id='word_1_113' title='bbox 1002 1940 1126 2003; x_wconf 83' lang='lat' dir='ltr'><strong>expressi.</strong></span> <span class='ocrx_word' id='word_1_114' title='bbox 1143 1938 1304 1991; x_wconf 62' lang='lat' dir='ltr'><strong>merlin—2</strong></span> <span class='ocrx_word' id='word_1_115' title='bbox 1314 1939 1357 1991; x_wconf 81' lang='lat' dir='ltr'><strong>Sic</strong></span> 
     </span>
    </p>
   </div>
   <div class='ocr_carea' id='block_1_6' title="bbox 249 2004 1357 2329">
    <p class='ocr_par' dir='ltr' id='par_1_6' title="bbox 249 2004 1357 2329">
     <span class='ocr_line' id='line_1_16' title="bbox 311 2004 1355 2068; baseline -0.004 -9"><span class='ocrx_word' id='word_1_116' title='bbox 311 2024 365 2059; x_wconf 87' lang='lat' dir='ltr'><strong>ens.</strong></span> <span class='ocrx_word' id='word_1_117' title='bbox 378 2024 393 2059; x_wconf 83' lang='lat' dir='ltr'><strong>a</strong></span> <span class='ocrx_word' id='word_1_118' title='bbox 404 2014 427 2059; x_wconf 74' lang='lat'><strong>2.</strong></span> <span class='ocrx_word' id='word_1_119' title='bbox 435 2024 468 2059; x_wconf 87' lang='lat' dir='ltr'><strong>tn.</strong></span> <span class='ocrx_word' id='word_1_120' title='bbox 479 2010 582 2057; x_wconf 87' lang='lat' dir='ltr'><strong>videtur</strong></span> <span class='ocrx_word' id='word_1_121' title='bbox 589 2006 819 2057; x_wconf 57' lang='lat' dir='ltr'><strong>wasemium</strong></span> <span class='ocrx_word' id='word_1_122' title='bbox 831 2006 920 2055; x_wconf 54' lang='lat' dir='ltr'><strong>lde-³</strong></span> <span class='ocrx_word' id='word_1_123' title='bbox 930 2006 1004 2055; x_wconf 87' lang='lat' dir='ltr'><strong>Brot.</strong></span> <span class='ocrx_word' id='word_1_124' title='bbox 1015 2019 1075 2053; x_wconf 86' lang='lat' dir='ltr'><strong>enm</strong></span> <span class='ocrx_word' id='word_1_125' title='bbox 1085 2004 1201 2054; x_wconf 79' lang='lat' dir='ltr'><strong>Gronov.</strong></span> <span class='ocrx_word' id='word_1_126' title='bbox 1211 2010 1241 2054; x_wconf 84' lang='lat' dir='ltr'><strong>st</strong></span> <span class='ocrx_word' id='word_1_127' title='bbox 1252 2004 1355 2068; x_wconf 77' lang='lat' dir='ltr'><strong>Ryekio</strong></span> 
     </span>
     <span class='ocr_line' id='line_1_17' title="bbox 252 2068 1357 2129; baseline -0.005 -7"><span class='ocrx_word' id='word_1_128' title='bbox 252 2073 336 2123; x_wconf 81' lang='lat' dir='ltr'><strong>edidit</strong></span> <span class='ocrx_word' id='word_1_129' title='bbox 345 2072 465 2121; x_wconf 76' lang='lat' dir='ltr'><strong>teriotos:</strong></span> <span class='ocrx_word' id='word_1_130' title='bbox 478 2073 549 2121; x_wconf 79' lang='lat' dir='ltr'><strong>etita</strong></span> <span class='ocrx_word' id='word_1_131' title='bbox 559 2073 719 2121; x_wconf 87' lang='lat' dir='ltr'><strong>Puteolanus</strong></span> <span class='ocrx_word' id='word_1_132' title='bbox 731 2078 760 2120; x_wconf 86' lang='lat' dir='ltr'><strong>et</strong></span> <span class='ocrx_word' id='word_1_133' title='bbox 770 2070 854 2119; x_wconf 86' lang='lat' dir='ltr'><strong>ceteri</strong></span> <span class='ocrx_word' id='word_1_134' title='bbox 867 2082 962 2118; x_wconf 89' lang='lat' dir='ltr'><strong>omues.</strong></span> <span class='ocrx_word' id='word_1_135' title='bbox 978 2068 1031 2117; x_wconf 83' lang='lat' dir='ltr'><strong>Sed</strong></span> <span class='ocrx_word' id='word_1_136' title='bbox 1040 2068 1067 2116; x_wconf 87' lang='lat' dir='ltr'><strong>in</strong></span> <span class='ocrx_word' id='word_1_137' title='bbox 1079 2068 1143 2117; x_wconf 78' lang='lat' dir='ltr'><strong>Mss.</strong></span> <span class='ocrx_word' id='word_1_138' title='bbox 1156 2069 1221 2129; x_wconf 75' lang='lat' dir='ltr'><strong>Reg.</strong></span> <span class='ocrx_word' id='word_1_139' title='bbox 1237 2068 1318 2117; x_wconf 86' lang='lat' dir='ltr'><strong>Corb.</strong></span> <span class='ocrx_word' id='word_1_140' title='bbox 1329 2073 1357 2117; x_wconf 91' lang='lat' dir='ltr'><strong>et</strong></span> 
     </span>
     <span class='ocr_line' id='line_1_18' title="bbox 250 2131 1354 2199; baseline -0.003 -15"><span class='ocrx_word' id='word_1_141' title='bbox 250 2136 366 2185; x_wconf 77' lang='lat' dir='ltr'><strong>editione</strong></span> <span class='ocrx_word' id='word_1_142' title='bbox 377 2138 504 2199; x_wconf 80' lang='lat' dir='ltr'><strong>principe,</strong></span> <span class='ocrx_word' id='word_1_143' title='bbox 514 2136 607 2184; x_wconf 78' lang='lat' dir='ltr'><strong>turbon</strong></span> <span class='ocrx_word' id='word_1_144' title='bbox 616 2135 727 2195; x_wconf 79' lang='lat' dir='ltr'><strong>disjecere</strong></span> <span class='ocrx_word' id='word_1_145' title='bbox 734 2150 744 2191; x_wconf 82' lang='lat'><strong>‚·</strong></span> <span class='ocrx_word' id='word_1_146' title='bbox 760 2133 830 2198; x_wconf 79' lang='lat' dir='ltr'><strong>qnod</strong></span> <span class='ocrx_word' id='word_1_147' title='bbox 842 2132 905 2183; x_wconf 87' lang='lat' dir='ltr'><strong>mihi</strong></span> <span class='ocrx_word' id='word_1_148' title='bbox 917 2132 999 2194; x_wconf 79' lang='lat' dir='ltr'><strong>magis</strong></span> <span class='ocrx_word' id='word_1_149' title='bbox 1010 2131 1117 2180; x_wconf 76' lang='lat' dir='ltr'><strong>arridet.</strong></span> <span class='ocrx_word' id='word_1_150' title='bbox 1135 2132 1297 2181; x_wconf 63' lang='lat' dir='ltr'><strong>Betim—s</strong></span> <span class='ocrx_word' id='word_1_151' title='bbox 1311 2131 1354 2181; x_wconf 82' lang='lat' dir='ltr'><strong>Sic</strong></span> 
     </span>
     <span class='ocr_line' id='line_1_19' title="bbox 251 2196 1355 2262; baseline -0.006 -11"><span class='ocrx_word' id='word_1_152' title='bbox 251 2201 303 2251; x_wconf 87' lang='lat' dir='ltr'><strong>Ms.</strong></span> <span class='ocrx_word' id='word_1_153' title='bbox 315 2200 385 2249; x_wconf 84' lang='lat' dir='ltr'><strong>Flor.</strong></span> <span class='ocrx_word' id='word_1_154' title='bbox 397 2200 477 2249; x_wconf 83' lang='lat' dir='ltr'><strong>editio</strong></span> <span class='ocrx_word' id='word_1_155' title='bbox 489 2200 610 2262; x_wconf 83' lang='lat' dir='ltr'><strong>princeps</strong></span> <span class='ocrx_word' id='word_1_156' title='bbox 623 2205 651 2247; x_wconf 90' lang='lat' dir='ltr'><strong>et</strong></span> <span class='ocrx_word' id='word_1_157' title='bbox 663 2198 833 2247; x_wconf 87' lang='lat' dir='ltr'><strong>recentiores.</strong></span> <span class='ocrx_word' id='word_1_158' title='bbox 860 2197 924 2247; x_wconf 80' lang='lat' dir='ltr'><strong>Mas.</strong></span> <span class='ocrx_word' id='word_1_159' title='bbox 942 2196 1018 2245; x_wconf 82' lang='lat' dir='ltr'><strong>Harl.</strong></span> <span class='ocrx_word' id='word_1_160' title='bbox 1035 2196 1112 2245; x_wconf 85' lang='lat' dir='ltr'><strong>Bodl.</strong></span> <span class='ocrx_word' id='word_1_161' title='bbox 1123 2196 1180 2247; x_wconf 81' lang='lat' dir='ltr'><strong>Jes.</strong></span> <span class='ocrx_word' id='word_1_162' title='bbox 1190 2202 1219 2245; x_wconf 90' lang='lat' dir='ltr'><strong>et</strong></span> <span class='ocrx_word' id='word_1_163' title='bbox 1231 2196 1355 2254; x_wconf 86' lang='lat' dir='ltr'><strong>Puteola·</strong></span> 
     </span>
     <span class='ocr_line' id='line_1_20' title="bbox 249 2259 1355 2329; baseline -0.005 -16"><span class='ocrx_word' id='word_1_164' title='bbox 249 2268 298 2313; x_wconf 84' lang='lat' dir='ltr'><strong>nos</strong></span> <span class='ocrx_word' id='word_1_165' title='bbox 310 2263 420 2313; x_wconf 88' lang='lat' dir='ltr'><strong>omisere</strong></span> <span class='ocrx_word' id='word_1_166' title='bbox 431 2264 608 2329; x_wconf 77' lang='lat' dir='ltr'><strong>copulam-⁶</strong></span> <span class='ocrx_word' id='word_1_167' title='bbox 625 2262 737 2314; x_wconf 81' lang='lat' dir='ltr'><strong>Quidam</strong></span> <span class='ocrx_word' id='word_1_168' title='bbox 749 2263 815 2311; x_wconf 86' lang='lat' dir='ltr'><strong>Mss.</strong></span> <span class='ocrx_word' id='word_1_169' title='bbox 833 2259 875 2311; x_wconf 92' lang='lat' dir='ltr'><strong>ed.</strong></span> <span class='ocrx_word' id='word_1_170' title='bbox 895 2275 936 2324; x_wconf 88' lang='lat' dir='ltr'><strong>pr.</strong></span> <span class='ocrx_word' id='word_1_171' title='bbox 954 2267 982 2310; x_wconf 88' lang='lat' dir='ltr'><strong>et</strong></span> <span class='ocrx_word' id='word_1_172' title='bbox 998 2260 1113 2309; x_wconf 84' lang='lat' dir='ltr'><strong>Budens.</strong></span> <span class='ocrx_word' id='word_1_173' title='bbox 1124 2259 1204 2309; x_wconf 88' lang='lat' dir='ltr'><strong>habet</strong></span> <span class='ocrx_word' id='word_1_174' title='bbox 1216 2264 1294 2309; x_wconf 73' lang='lat' dir='ltr'><strong>term</strong></span> <span class='ocrx_word' id='word_1_175' title='bbox 1305 2274 1355 2308; x_wconf 86' lang='lat' dir='ltr'><strong>una</strong></span> 
     </span>
    </p>
   </div>
   <div class='ocr_carea' id='block_1_7' title="bbox 233 2455 1355 4180">
    <p class='ocr_par' dir='ltr' id='par_1_7' title="bbox 233 2455 1355 4180">
     <span class='ocr_line' id='line_1_21' title="bbox 250 2455 1355 2524; baseline -0.004 -16"><span class='ocrx_word' id='word_1_176' title='bbox 250 2457 327 2508; x_wconf 72' lang='lat' dir='ltr'><strong>terim</strong></span> <span class='ocrx_word' id='word_1_177' title='bbox 348 2463 499 2522; x_wconf 68' lang='lat' dir='ltr'><strong>emmer,</strong></span> <span class='ocrx_word' id='word_1_178' title='bbox 524 2458 551 2509; x_wconf 86' lang='lat' dir='ltr'><strong>id</strong></span> <span class='ocrx_word' id='word_1_179' title='bbox 575 2464 625 2524; x_wconf 88' lang='lat' dir='ltr'><strong>est,</strong></span> <span class='ocrx_word' id='word_1_180' title='bbox 647 2459 782 2508; x_wconf 85' lang='lat' dir='ltr'><strong>celebrant</strong></span> <span class='ocrx_word' id='word_1_181' title='bbox 823 2461 868 2506; x_wconf 88' lang='lat' dir='ltr'><strong>ant</strong></span> <span class='ocrx_word' id='word_1_182' title='bbox 883 2457 976 2506; x_wconf 87' lang='lat' dir='ltr'><strong>saltem</strong></span> <span class='ocrx_word' id='word_1_183' title='bbox 991 2455 1141 2505; x_wconf 81' lang='lat' dir='ltr'><strong>seusussit:</strong></span> <span class='ocrx_word' id='word_1_184' title='bbox 1158 2455 1355 2519; x_wconf 55' lang='lat' dir='ltr'><strong>inusserunt</strong></span> 
     </span>
     <span class='ocr_line' id='line_1_22' title="bbox 248 2531 1354 2598; baseline -0.003 -14"><span class='ocrx_word' id='word_1_185' title='bbox 248 2533 319 2584; x_wconf 74' lang='lat' dir='ltr'><strong>iuter</strong></span> <span class='ocrx_word' id='word_1_186' title='bbox 328 2533 418 2583; x_wconf 85' lang='lat' dir='ltr'><strong>laudes</strong></span> <span class='ocrx_word' id='word_1_187' title='bbox 433 2533 570 2598; x_wconf 87' lang='lat' dir='ltr'><strong>principis,</strong></span> <span class='ocrx_word' id='word_1_188' title='bbox 586 2533 630 2598; x_wconf 88' lang='lat' dir='ltr'><strong>qni</strong></span> <span class='ocrx_word' id='word_1_189' title='bbox 640 2549 697 2583; x_wconf 90' lang='lat' dir='ltr'><strong>sam</strong></span> <span class='ocrx_word' id='word_1_190' title='bbox 707 2549 782 2584; x_wconf 83' lang='lat' dir='ltr'><strong>revo-</strong></span> <span class='ocrx_word' id='word_1_191' title='bbox 820 2532 935 2581; x_wconf 70' lang='lat' dir='ltr'><strong>islanda</strong></span> <span class='ocrx_word' id='word_1_192' title='bbox 939 2531 1066 2595; x_wconf 71' lang='lat' dir='ltr'><strong>principis,</strong></span> <span class='ocrx_word' id='word_1_193' title='bbox 1076 2533 1201 2594; x_wconf 81' lang='lat' dir='ltr'><strong>Deosque</strong></span> <span class='ocrx_word' id='word_1_194' title='bbox 1212 2532 1310 2580; x_wconf 84' lang='lat' dir='ltr'><strong>iterum</strong></span> <span class='ocrx_word' id='word_1_195' title='bbox 1322 2531 1354 2581; x_wconf 82' lang='lat' dir='ltr'><strong>olr</strong></span> 
     </span>
     <span class='ocr_line' id='line_1_23' title="bbox 249 2609 1308 2672; baseline 0.001 -14"><span class='ocrx_word' id='word_1_196' title='bbox 249 2609 330 2670; x_wconf 71' lang='lat' dir='ltr'><strong>ervit,</strong></span> <span class='ocrx_word' id='word_1_197' title='bbox 341 2614 369 2658; x_wconf 87' lang='lat' dir='ltr'><strong>et</strong></span> <span class='ocrx_word' id='word_1_198' title='bbox 380 2614 519 2671; x_wconf 85' lang='lat' dir='ltr'><strong>propterea</strong></span> <span class='ocrx_word' id='word_1_199' title='bbox 531 2613 616 2671; x_wconf 72' lang='lat' dir='ltr'><strong>grates</strong></span> <span class='ocrx_word' id='word_1_200' title='bbox 627 2609 664 2657; x_wconf 90' lang='lat' dir='ltr'><strong>illi</strong></span> <span class='ocrx_word' id='word_1_201' title='bbox 676 2616 765 2672; x_wconf 79' lang='lat' dir='ltr'><strong>agunt.</strong></span> <span class='ocrx_word' id='word_1_202' title='bbox 821 2610 1011 2659; x_wconf 81' lang='lat' dir='ltr'><strong>matrimonium</strong></span> <span class='ocrx_word' id='word_1_203' title='bbox 1021 2610 1147 2672; x_wconf 72' lang='lat' dir='ltr'><strong>repetitum</strong></span> <span class='ocrx_word' id='word_1_204' title='bbox 1156 2615 1308 2659; x_wconf 66' lang='lat' dir='ltr'><strong>asamar.</strong></span> 
     </span>
     <span class='ocr_line' id='line_1_24' title="bbox 281 2683 1355 2749; baseline 0.006 -19"><span class='ocrx_word' id='word_1_205' title='bbox 281 2683 332 2732; x_wconf 85' lang='lat' dir='ltr'><strong>Vel</strong></span> <span class='ocrx_word' id='word_1_206' title='bbox 358 2687 495 2745; x_wconf 81' lang='lat' dir='ltr'><strong>postquem</strong></span> <span class='ocrx_word' id='word_1_207' title='bbox 523 2683 661 2732; x_wconf 79' lang='lat' dir='ltr'><strong>laudarunt</strong></span> <span class='ocrx_word' id='word_1_208' title='bbox 688 2683 783 2745; x_wconf 87' lang='lat' dir='ltr'><strong>princi·</strong></span> <span class='ocrx_word' id='word_1_209' title='bbox 853 2687 917 2735; x_wconf 88' lang='lat' dir='ltr'><strong>Duo</strong></span> <span class='ocrx_word' id='word_1_210' title='bbox 926 2686 969 2734; x_wconf 84' lang='lat' dir='ltr'><strong>iric</strong></span> <span class='ocrx_word' id='word_1_211' title='bbox 984 2700 1048 2748; x_wconf 80' lang='lat' dir='ltr'><strong>ergo</strong></span> <span class='ocrx_word' id='word_1_212' title='bbox 1065 2684 1173 2746; x_wconf 86' lang='lat' dir='ltr'><strong>faciunt,</strong></span> <span class='ocrx_word' id='word_1_213' title='bbox 1190 2699 1288 2749; x_wconf 81' lang='lat' dir='ltr'><strong>nempe</strong></span> <span class='ocrx_word' id='word_1_214' title='bbox 1303 2686 1355 2747; x_wconf 82' lang='lat' dir='ltr'><strong>lan·</strong></span> 
     </span>
     <span class='ocr_line' id='line_1_25' title="bbox 249 2755 1355 2823; baseline 0.004 -17"><span class='ocrx_word' id='word_1_215' title='bbox 249 2769 320 2820; x_wconf 86' lang='lat' dir='ltr'><strong>psm,</strong></span> <span class='ocrx_word' id='word_1_216' title='bbox 331 2755 418 2805; x_wconf 71' lang='lat' dir='ltr'><strong>itm</strong></span> <span class='ocrx_word' id='word_1_217' title='bbox 434 2759 507 2807; x_wconf 87' lang='lat' dir='ltr'><strong>Deos</strong></span> <span class='ocrx_word' id='word_1_218' title='bbox 526 2763 676 2819; x_wconf 76' lang='lat' dir='ltr'><strong>renuuntur,</strong></span> <span class='ocrx_word' id='word_1_219' title='bbox 686 2772 781 2822; x_wconf 86' lang='lat' dir='ltr'><strong>nempe</strong></span> <span class='ocrx_word' id='word_1_220' title='bbox 821 2760 884 2809; x_wconf 90' lang='lat' dir='ltr'><strong>dant</strong></span> <span class='ocrx_word' id='word_1_221' title='bbox 902 2760 1047 2823; x_wconf 85' lang='lat' dir='ltr'><strong>principem</strong></span> <span class='ocrx_word' id='word_1_222' title='bbox 1067 2760 1102 2809; x_wconf 88' lang='lat' dir='ltr'><strong>ob</strong></span> <span class='ocrx_word' id='word_1_223' title='bbox 1123 2760 1252 2823; x_wconf 74' lang='lat' dir='ltr'><strong>repetitum</strong></span> <span class='ocrx_word' id='word_1_224' title='bbox 1269 2762 1355 2810; x_wconf 86' lang='lat' dir='ltr'><strong>matri·</strong></span> 
     </span>
     <span class='ocr_line' id='line_1_26' title="bbox 249 2831 1354 2900; baseline 0.004 -20"><span class='ocrx_word' id='word_1_225' title='bbox 249 2838 280 2882; x_wconf 79' lang='lat' dir='ltr'><strong>ut</strong></span> <span class='ocrx_word' id='word_1_226' title='bbox 294 2831 352 2895; x_wconf 77' lang='lat' dir='ltr'><strong>jam</strong></span> <span class='ocrx_word' id='word_1_227' title='bbox 372 2845 450 2896; x_wconf 87' lang='lat' dir='ltr'><strong>snpra</strong></span> <span class='ocrx_word' id='word_1_228' title='bbox 468 2831 494 2880; x_wconf 90' lang='lat' dir='ltr'><strong>iu</strong></span> <span class='ocrx_word' id='word_1_229' title='bbox 516 2833 647 2895; x_wconf 85' lang='lat' dir='ltr'><strong>Capitolio</strong></span> <span class='ocrx_word' id='word_1_230' title='bbox 665 2833 782 2882; x_wconf 85' lang='lat' dir='ltr'><strong>venerati</strong></span> <span class='ocrx_word' id='word_1_231' title='bbox 821 2837 945 2898; x_wconf 83' lang='lat' dir='ltr'><strong>monium,</strong></span> <span class='ocrx_word' id='word_1_232' title='bbox 963 2838 1085 2900; x_wconf 80' lang='lat' dir='ltr'><strong>Deosque</strong></span> <span class='ocrx_word' id='word_1_233' title='bbox 1105 2837 1181 2885; x_wconf 89' lang='lat' dir='ltr'><strong>simul</strong></span> <span class='ocrx_word' id='word_1_234' title='bbox 1197 2842 1354 2885; x_wconf 81' lang='lat' dir='ltr'><strong>venerantur</strong></span> 
     </span>
     <span class='ocr_line' id='line_1_27' title="bbox 249 2907 1353 2970; baseline 0.004 -12"><span class='ocrx_word' id='word_1_235' title='bbox 249 2914 327 2958; x_wconf 76' lang='lat' dir='ltr'><strong>stant</strong></span> <span class='ocrx_word' id='word_1_236' title='bbox 344 2909 423 2970; x_wconf 82' lang='lat' dir='ltr'><strong>Deos,</strong></span> <span class='ocrx_word' id='word_1_237' title='bbox 441 2907 479 2956; x_wconf 88' lang='lat' dir='ltr'><strong>ita</strong></span> <span class='ocrx_word' id='word_1_238' title='bbox 499 2913 527 2956; x_wconf 88' lang='lat' dir='ltr'><strong>et</strong></span> <span class='ocrx_word' id='word_1_239' title='bbox 545 2921 624 2966; x_wconf 89' lang='lat' dir='ltr'><strong>nnnc,</strong></span> <span class='ocrx_word' id='word_1_240' title='bbox 641 2907 702 2958; x_wconf 92' lang='lat' dir='ltr'><strong>dum</strong></span> <span class='ocrx_word' id='word_1_241' title='bbox 724 2908 781 2957; x_wconf 89' lang='lat' dir='ltr'><strong>aliis</strong></span> <span class='ocrx_word' id='word_1_242' title='bbox 821 2912 854 2960; x_wconf 92' lang='lat' dir='ltr'><strong>ob</strong></span> <span class='ocrx_word' id='word_1_243' title='bbox 881 2911 991 2962; x_wconf 83' lang='lat' dir='ltr'><strong>eandem</strong></span> <span class='ocrx_word' id='word_1_244' title='bbox 1014 2925 1132 2961; x_wconf 83' lang='lat' dir='ltr'><strong>canaam:</strong></span> <span class='ocrx_word' id='word_1_245' title='bbox 1162 2911 1353 2963; x_wconf 73' lang='lat' dir='ltr'><strong>matrimonium</strong></span> 
     </span>
     <span class='ocr_line' id='line_1_28' title="bbox 248 2981 1193 3049; baseline 0 -15"><span class='ocrx_word' id='word_1_246' title='bbox 248 2983 352 3048; x_wconf 77' lang='lat' dir='ltr'><strong>templis</strong></span> <span class='ocrx_word' id='word_1_247' title='bbox 371 2981 492 3032; x_wconf 82' lang='lat' dir='ltr'><strong>Octaviae</strong></span> <span class='ocrx_word' id='word_1_248' title='bbox 513 2982 637 3046; x_wconf 72' lang='lat' dir='ltr'><strong>imagines</strong></span> <span class='ocrx_word' id='word_1_249' title='bbox 652 2989 781 3046; x_wconf 81' lang='lat' dir='ltr'><strong>statuunt,</strong></span> <span class='ocrx_word' id='word_1_250' title='bbox 820 2986 900 3036; x_wconf 84' lang='lat' dir='ltr'><strong>hicet</strong></span> <span class='ocrx_word' id='word_1_251' title='bbox 912 2987 1133 3049; x_wconf 84' lang='lat' dir='ltr'><strong>urorproeodern</strong></span> <span class='ocrx_word' id='word_1_252' title='bbox 1144 2993 1193 3034; x_wconf 81' lang='lat' dir='ltr'><strong>est.</strong></span> 
     </span>
     <span class='ocr_line' id='line_1_29' title="bbox 249 3058 1353 3124; baseline 0.001 -15"><span class='ocrx_word' id='word_1_253' title='bbox 249 3058 329 3109; x_wconf 87' lang='lat' dir='ltr'><strong>etiam</strong></span> <span class='ocrx_word' id='word_1_254' title='bbox 340 3059 377 3109; x_wconf 86' lang='lat' dir='ltr'><strong>ibi</strong></span> <span class='ocrx_word' id='word_1_255' title='bbox 390 3061 462 3108; x_wconf 88' lang='lat' dir='ltr'><strong>Deos</strong></span> <span class='ocrx_word' id='word_1_256' title='bbox 472 3059 566 3108; x_wconf 77' lang='lat' dir='ltr'><strong>iterum</strong></span> <span class='ocrx_word' id='word_1_257' title='bbox 578 3066 744 3109; x_wconf 80' lang='lat' dir='ltr'><strong>venerantur.</strong></span> <span class='ocrx_word' id='word_1_258' title='bbox 855 3064 958 3124; x_wconf 85' lang='lat' dir='ltr'><strong>Nempe</strong></span> <span class='ocrx_word' id='word_1_259' title='bbox 968 3069 1041 3110; x_wconf 87' lang='lat' dir='ltr'><strong>certe</strong></span> <span class='ocrx_word' id='word_1_260' title='bbox 1051 3061 1104 3109; x_wconf 80' lang='lat' dir='ltr'><strong>s&#39;tsr</strong></span> <span class='ocrx_word' id='word_1_261' title='bbox 1120 3075 1135 3109; x_wconf 87' lang='lat' dir='ltr'><strong>a</strong></span> <span class='ocrx_word' id='word_1_262' title='bbox 1155 3061 1261 3124; x_wconf 87' lang='lat' dir='ltr'><strong>populo.</strong></span> <span class='ocrx_word' id='word_1_263' title='bbox 1269 3062 1296 3110; x_wconf 82' lang='lat' dir='ltr'><strong>s&#39;s</strong></span> <span class='ocrx_word' id='word_1_264' title='bbox 1305 3059 1353 3110; x_wconf 78' lang='lat' dir='ltr'><strong>les·</strong></span> 
     </span>
     <span class='ocr_line' id='line_1_30' title="bbox 281 3133 1351 3205; baseline 0.002 -21"><span class='ocrx_word' id='word_1_265' title='bbox 281 3135 350 3184; x_wconf 86' lang='lat' dir='ltr'><strong>Nam</strong></span> <span class='ocrx_word' id='word_1_266' title='bbox 362 3134 431 3199; x_wconf 86' lang='lat' dir='ltr'><strong>quod</strong></span> <span class='ocrx_word' id='word_1_267' title='bbox 443 3133 553 3185; x_wconf 79' lang='lat' dir='ltr'><strong>afferunt</strong></span> <span class='ocrx_word' id='word_1_268' title='bbox 563 3134 596 3183; x_wconf 87' lang='lat' dir='ltr'><strong>de</strong></span> <span class='ocrx_word' id='word_1_269' title='bbox 608 3136 700 3198; x_wconf 86' lang='lat' dir='ltr'><strong>plausu</strong></span> <span class='ocrx_word' id='word_1_270' title='bbox 716 3136 780 3184; x_wconf 90' lang='lat' dir='ltr'><strong>mul·</strong></span> <span class='ocrx_word' id='word_1_271' title='bbox 818 3139 859 3186; x_wconf 78' lang='lat' dir='ltr'><strong>des</strong></span> <span class='ocrx_word' id='word_1_272' title='bbox 867 3137 992 3205; x_wconf 70' lang='grc' dir='ltr'><strong>ρήικὶρέε,</strong></span> <span class='ocrx_word' id='word_1_273' title='bbox 1004 3144 1032 3185; x_wconf 89' lang='lat' dir='ltr'><strong>et</strong></span> <span class='ocrx_word' id='word_1_274' title='bbox 1048 3137 1087 3185; x_wconf 87' lang='lat' dir='ltr'><strong>illi</strong></span> <span class='ocrx_word' id='word_1_275' title='bbox 1102 3137 1246 3199; x_wconf 81' lang='lat' dir='ltr'><strong>principem</strong></span> <span class='ocrx_word' id='word_1_276' title='bbox 1259 3137 1351 3200; x_wconf 86' lang='lat' dir='ltr'><strong>ipsum,</strong></span> 
     </span>
     <span class='ocr_line' id='line_1_31' title="bbox 250 3208 1352 3276; baseline 0.004 -18"><span class='ocrx_word' id='word_1_277' title='bbox 250 3208 328 3260; x_wconf 79' lang='lat' dir='ltr'><strong>toties</strong></span> <span class='ocrx_word' id='word_1_278' title='bbox 346 3212 462 3272; x_wconf 88' lang='lat' dir='ltr'><strong>repetito</strong></span> <span class='ocrx_word' id='word_1_279' title='bbox 480 3210 527 3274; x_wconf 88' lang='lat' dir='ltr'><strong>ibi,</strong></span> <span class='ocrx_word' id='word_1_280' title='bbox 539 3225 635 3259; x_wconf 87' lang='lat' dir='ltr'><strong>merum</strong></span> <span class='ocrx_word' id='word_1_281' title='bbox 654 3211 779 3262; x_wconf 89' lang='lat' dir='ltr'><strong>somnium</strong></span> <span class='ocrx_word' id='word_1_282' title='bbox 819 3213 860 3260; x_wconf 80' lang='lat' dir='ltr'><strong>rel</strong></span> <span class='ocrx_word' id='word_1_283' title='bbox 879 3215 962 3273; x_wconf 83' lang='lat' dir='ltr'><strong>Deos,</strong></span> <span class='ocrx_word' id='word_1_284' title='bbox 973 3214 1013 3259; x_wconf 87' lang='lat' dir='ltr'><strong>vel</strong></span> <span class='ocrx_word' id='word_1_285' title='bbox 1025 3212 1215 3260; x_wconf 87' lang='lat' dir='ltr'><strong>matrimonium</strong></span> <span class='ocrx_word' id='word_1_286' title='bbox 1225 3213 1352 3276; x_wconf 71' lang='lat' dir='ltr'><strong>repetite·</strong></span> 
     </span>
     <span class='ocr_line' id='line_1_32' title="bbox 248 3285 1352 3349; baseline 0.004 -17"><span class='ocrx_word' id='word_1_287' title='bbox 248 3288 322 3347; x_wconf 85' lang='lat' dir='ltr'><strong>puto.</strong></span> <span class='ocrx_word' id='word_1_288' title='bbox 355 3285 413 3334; x_wconf 89' lang='lat' dir='ltr'><strong>Nec</strong></span> <span class='ocrx_word' id='word_1_289' title='bbox 433 3285 520 3334; x_wconf 77' lang='lat' dir='ltr'><strong>inania</strong></span> <span class='ocrx_word' id='word_1_290' title='bbox 534 3287 590 3335; x_wconf 81' lang='lat' dir='ltr'><strong>haec</strong></span> <span class='ocrx_word' id='word_1_291' title='bbox 603 3288 672 3349; x_wconf 81' lang='lat' dir='ltr'><strong>vulgi</strong></span> <span class='ocrx_word' id='word_1_292' title='bbox 687 3289 779 3338; x_wconf 89' lang='lat' dir='ltr'><strong>miscet</strong></span> <span class='ocrx_word' id='word_1_293' title='bbox 818 3293 969 3349; x_wconf 65' lang='lat' dir='ltr'><strong>mater,</strong></span> <span class='ocrx_word' id='word_1_294' title='bbox 981 3288 1023 3335; x_wconf 85' lang='lat' dir='ltr'><strong>vel</strong></span> <span class='ocrx_word' id='word_1_295' title='bbox 1034 3287 1090 3336; x_wconf 74' lang='lat' dir='ltr'><strong>istac</strong></span> <span class='ocrx_word' id='word_1_296' title='bbox 1105 3288 1191 3335; x_wconf 85' lang='lat' dir='ltr'><strong>omnia</strong></span> <span class='ocrx_word' id='word_1_297' title='bbox 1201 3288 1291 3336; x_wconf 74' lang='lat' dir='ltr'><strong>dmul:</strong></span> <span class='ocrx_word' id='word_1_298' title='bbox 1307 3285 1352 3336; x_wconf 84' lang='lat' dir='ltr'><strong>ssd</strong></span> 
     </span>
     <span class='ocr_line' id='line_1_33' title="bbox 247 3359 1355 3426; baseline 0.003 -18"><span class='ocrx_word' id='word_1_299' title='bbox 247 3359 379 3422; x_wconf 75' lang='lat' dir='ltr'><strong>majestati</strong></span> <span class='ocrx_word' id='word_1_300' title='bbox 392 3359 539 3423; x_wconf 83' lang='lat' dir='ltr'><strong>Annalium,</strong></span> <span class='ocrx_word' id='word_1_301' title='bbox 552 3369 597 3412; x_wconf 90' lang='lat' dir='ltr'><strong>ant</strong></span> <span class='ocrx_word' id='word_1_302' title='bbox 607 3363 720 3412; x_wconf 82' lang='lat' dir='ltr'><strong>historiis</strong></span> <span class='ocrx_word' id='word_1_303' title='bbox 731 3366 780 3413; x_wconf 81' lang='lat' dir='ltr'><strong>&#39;l&#39;a-</strong></span> <span class='ocrx_word' id='word_1_304' title='bbox 818 3366 937 3412; x_wconf 77' lang='lat' dir='ltr'><strong>senentis</strong></span> <span class='ocrx_word' id='word_1_305' title='bbox 954 3363 1086 3426; x_wconf 67' lang='lat' dir='ltr'><strong>precipue</strong></span> <span class='ocrx_word' id='word_1_306' title='bbox 1097 3362 1131 3412; x_wconf 88' lang='lat' dir='ltr'><strong>ad</strong></span> <span class='ocrx_word' id='word_1_307' title='bbox 1142 3363 1214 3416; x_wconf 83' lang='lat' dir='ltr'><strong>Deos</strong></span> <span class='ocrx_word' id='word_1_308' title='bbox 1227 3365 1355 3426; x_wconf 85' lang='lat' dir='ltr'><strong>pertinet,</strong></span> 
     </span>
     <span class='ocr_line' id='line_1_34' title="bbox 247 3435 1352 3506; baseline 0.004 -22"><span class='ocrx_word' id='word_1_309' title='bbox 247 3435 305 3497; x_wconf 85' lang='lat' dir='ltr'><strong>citi,</strong></span> <span class='ocrx_word' id='word_1_310' title='bbox 324 3441 354 3484; x_wconf 90' lang='lat' dir='ltr'><strong>ut</strong></span> <span class='ocrx_word' id='word_1_311' title='bbox 373 3435 460 3486; x_wconf 83' lang='lat' dir='ltr'><strong>fecere</strong></span> <span class='ocrx_word' id='word_1_312' title='bbox 483 3437 606 3500; x_wconf 79' lang='lat' dir='ltr'><strong>historici,</strong></span> <span class='ocrx_word' id='word_1_313' title='bbox 626 3453 670 3486; x_wconf 86' lang='lat' dir='ltr'><strong>scu</strong></span> <span class='ocrx_word' id='word_1_314' title='bbox 690 3440 778 3502; x_wconf 85' lang='lat' dir='ltr'><strong>potius</strong></span> <span class='ocrx_word' id='word_1_315' title='bbox 818 3445 848 3487; x_wconf 88' lang='lat' dir='ltr'><strong>ut</strong></span> <span class='ocrx_word' id='word_1_316' title='bbox 859 3439 988 3488; x_wconf 78' lang='lat' dir='ltr'><strong>diximus:</strong></span> <span class='ocrx_word' id='word_1_317' title='bbox 1006 3439 1074 3506; x_wconf 81' lang='lat' dir='ltr'><strong>quod</strong></span> <span class='ocrx_word' id='word_1_318' title='bbox 1093 3445 1167 3502; x_wconf 84' lang='lat' dir='ltr'><strong>patet</strong></span> <span class='ocrx_word' id='word_1_319' title='bbox 1184 3440 1274 3489; x_wconf 87' lang='lat' dir='ltr'><strong>multis</strong></span> <span class='ocrx_word' id='word_1_320' title='bbox 1291 3439 1352 3490; x_wconf 87' lang='lat' dir='ltr'><strong>locis</strong></span> 
     </span>
     <span class='ocr_line' id='line_1_35' title="bbox 246 3511 1031 3578; baseline 0.004 -18"><span class='ocrx_word' id='word_1_321' title='bbox 246 3511 359 3560; x_wconf 69' lang='lat' dir='ltr'><strong>historin</strong></span> <span class='ocrx_word' id='word_1_322' title='bbox 370 3511 599 3563; x_wconf 84' lang='lat' dir='ltr'><strong>dehonestamenta</strong></span> <span class='ocrx_word' id='word_1_323' title='bbox 610 3516 778 3578; x_wconf 86' lang='lat' dir='ltr'><strong>sequentibus</strong></span> <span class='ocrx_word' id='word_1_324' title='bbox 818 3512 887 3575; x_wconf 87' lang='lat' dir='ltr'><strong>apud</strong></span> <span class='ocrx_word' id='word_1_325' title='bbox 899 3515 1031 3563; x_wconf 87' lang='lat' dir='ltr'><strong>Tacitum.</strong></span> 
     </span>
     <span class='ocr_line' id='line_1_36' title="bbox 248 3588 1352 3652; baseline 0.005 -17"><span class='ocrx_word' id='word_1_326' title='bbox 248 3588 417 3650; x_wconf 83' lang='lat' dir='ltr'><strong>temporibus.</strong></span> <span class='ocrx_word' id='word_1_327' title='bbox 436 3589 495 3638; x_wconf 86' lang='lat' dir='ltr'><strong>Scio</strong></span> <span class='ocrx_word' id='word_1_328' title='bbox 505 3591 571 3638; x_wconf 79' lang='lat' dir='ltr'><strong>aetio</strong></span> <span class='ocrx_word' id='word_1_329' title='bbox 580 3596 684 3638; x_wconf 82' lang='lat' dir='ltr'><strong>senatus</strong></span> <span class='ocrx_word' id='word_1_330' title='bbox 694 3592 778 3639; x_wconf 81' lang='lat' dir='ltr'><strong>accla-</strong></span> <span class='ocrx_word' id='word_1_331' title='bbox 842 3589 958 3652; x_wconf 74' lang='lat' dir='ltr'><strong>Corripit</strong></span> <span class='ocrx_word' id='word_1_332' title='bbox 967 3590 1090 3648; x_wconf 85' lang='lat' dir='ltr'><strong>Grotius;</strong></span> <span class='ocrx_word' id='word_1_333' title='bbox 1101 3590 1219 3652; x_wconf 73' lang='lat' dir='ltr'><strong>repetitur</strong></span> <span class='ocrx_word' id='word_1_334' title='bbox 1226 3590 1352 3651; x_wconf 66' lang='lat' dir='ltr'><strong>moun,</strong></span> 
     </span>
     <span class='ocr_line' id='line_1_37' title="bbox 248 3662 1351 3728; baseline 0.006 -18"><span class='ocrx_word' id='word_1_335' title='bbox 248 3662 376 3712; x_wconf 75' lang='lat' dir='ltr'><strong>nationes</strong></span> <span class='ocrx_word' id='word_1_336' title='bbox 388 3664 496 3712; x_wconf 82' lang='lat' dir='ltr'><strong>Petrum</strong></span> <span class='ocrx_word' id='word_1_337' title='bbox 509 3665 640 3713; x_wconf 81' lang='lat' dir='ltr'><strong>mundatas</strong></span> <span class='ocrx_word' id='word_1_338' title='bbox 655 3679 721 3726; x_wconf 87' lang='lat' dir='ltr'><strong>esse,</strong></span> <span class='ocrx_word' id='word_1_339' title='bbox 732 3666 779 3715; x_wconf 86' lang='lat' dir='ltr'><strong>sed</strong></span> <span class='ocrx_word' id='word_1_340' title='bbox 819 3663 889 3713; x_wconf 84' lang='lat' dir='ltr'><strong>Clar.</strong></span> <span class='ocrx_word' id='word_1_341' title='bbox 903 3665 1139 3728; x_wconf 78' lang='lat' dir='ltr'><strong>Harloeus‚repetitu</strong></span> <span class='ocrx_word' id='word_1_342' title='bbox 1149 3668 1351 3728; x_wconf 59' lang='lat' dir='ltr'><strong>metumed-</strong></span> 
     </span>
     <span class='ocr_line' id='line_1_38' title="bbox 247 3738 1350 3804; baseline 0.004 -16"><span class='ocrx_word' id='word_1_343' title='bbox 247 3749 304 3788; x_wconf 66' lang='lat' dir='ltr'><strong>ovo</strong></span> <span class='ocrx_word' id='word_1_344' title='bbox 322 3738 437 3802; x_wconf 80' lang='lat' dir='ltr'><strong>Trojani,</strong></span> <span class='ocrx_word' id='word_1_345' title='bbox 455 3753 505 3786; x_wconf 72' lang='lat' dir='ltr'><strong>ntro</strong></span> <span class='ocrx_word' id='word_1_346' title='bbox 525 3741 654 3790; x_wconf 82' lang='lat' dir='ltr'><strong>orationes</strong></span> <span class='ocrx_word' id='word_1_347' title='bbox 670 3749 779 3790; x_wconf 86' lang='lat' dir='ltr'><strong>tantum.</strong></span> <span class='ocrx_word' id='word_1_348' title='bbox 820 3753 876 3787; x_wconf 87' lang='lat' dir='ltr'><strong>rum</strong></span> <span class='ocrx_word' id='word_1_349' title='bbox 887 3741 999 3802; x_wconf 74' lang='lat' dir='ltr'><strong>scilicet,</strong></span> <span class='ocrx_word' id='word_1_350' title='bbox 1008 3751 1035 3788; x_wconf 91' lang='lat' dir='ltr'><strong>ut</strong></span> <span class='ocrx_word' id='word_1_351' title='bbox 1049 3741 1073 3788; x_wconf 87' lang='lat' dir='ltr'><strong>in</strong></span> <span class='ocrx_word' id='word_1_352' title='bbox 1083 3755 1111 3788; x_wconf 86' lang='lat' dir='ltr'><strong>re</strong></span> <span class='ocrx_word' id='word_1_353' title='bbox 1122 3743 1198 3791; x_wconf 73' lang='lat' dir='ltr'><strong>leto:</strong></span> <span class='ocrx_word' id='word_1_354' title='bbox 1211 3755 1350 3804; x_wconf 68' lang='lat' dir='ltr'><strong>pracesse·</strong></span> 
     </span>
     <span class='ocr_line' id='line_1_39' title="bbox 249 3811 1350 3880; baseline 0.005 -20"><span class='ocrx_word' id='word_1_355' title='bbox 249 3811 373 3863; x_wconf 77' lang='lat' dir='ltr'><strong>Atthide</strong></span> <span class='ocrx_word' id='word_1_356' title='bbox 387 3816 456 3863; x_wconf 88' lang='lat' dir='ltr'><strong>vanis</strong></span> <span class='ocrx_word' id='word_1_357' title='bbox 467 3817 693 3865; x_wconf 84' lang='lat' dir='ltr'><strong>acclamationibus</strong></span> <span class='ocrx_word' id='word_1_358' title='bbox 709 3818 779 3880; x_wconf 75' lang='lat' dir='ltr'><strong>vulgi</strong></span> <span class='ocrx_word' id='word_1_359' title='bbox 819 3823 861 3864; x_wconf 87' lang='lat' dir='ltr'><strong>rat</strong></span> <span class='ocrx_word' id='word_1_360' title='bbox 872 3818 951 3875; x_wconf 84' lang='lat' dir='ltr'><strong>enirn,</strong></span> <span class='ocrx_word' id='word_1_361' title='bbox 965 3818 1071 3880; x_wconf 72' lang='lat' dir='ltr'><strong>Deosque</strong></span> <span class='ocrx_word' id='word_1_362' title='bbox 1089 3821 1185 3866; x_wconf 78' lang='lat' dir='ltr'><strong>tondens</strong></span> <span class='ocrx_word' id='word_1_363' title='bbox 1203 3823 1350 3866; x_wconf 67' lang='lat' dir='ltr'><strong>muner.</strong></span> 
     </span>
     <span class='ocr_line' id='line_1_40' title="bbox 248 3891 1350 3955; baseline 0.003 -17"><span class='ocrx_word' id='word_1_364' title='bbox 248 3894 348 3938; x_wconf 85' lang='lat' dir='ltr'><strong>tantum</strong></span> <span class='ocrx_word' id='word_1_365' title='bbox 367 3892 462 3954; x_wconf 84' lang='lat' dir='ltr'><strong>agitur,</strong></span> <span class='ocrx_word' id='word_1_366' title='bbox 473 3906 536 3955; x_wconf 87' lang='lat' dir='ltr'><strong>quas</strong></span> <span class='ocrx_word' id='word_1_367' title='bbox 553 3892 664 3955; x_wconf 86' lang='lat' dir='ltr'><strong>ineptias</strong></span> <span class='ocrx_word' id='word_1_368' title='bbox 677 3907 727 3942; x_wconf 90' lang='lat' dir='ltr'><strong>non</strong></span> <span class='ocrx_word' id='word_1_369' title='bbox 740 3907 779 3940; x_wconf 85' lang='lat' dir='ltr'><strong>re·</strong></span> <span class='ocrx_word' id='word_1_370' title='bbox 818 3891 982 3942; x_wconf 84' lang='lat' dir='ltr'><strong>Venerantur</strong></span> <span class='ocrx_word' id='word_1_371' title='bbox 1004 3895 1096 3942; x_wconf 86' lang='lat' dir='ltr'><strong>iterum</strong></span> <span class='ocrx_word' id='word_1_372' title='bbox 1118 3895 1200 3955; x_wconf 87' lang='lat' dir='ltr'><strong>Deos,</strong></span> <span class='ocrx_word' id='word_1_373' title='bbox 1219 3908 1279 3942; x_wconf 88' lang='lat' dir='ltr'><strong>cum</strong></span> <span class='ocrx_word' id='word_1_374' title='bbox 1299 3898 1350 3941; x_wconf 79' lang='lat' dir='ltr'><strong>stu·</strong></span> 
     </span>
     <span class='ocr_line' id='line_1_41' title="bbox 248 3966 1350 4034; baseline 0.003 -21"><span class='ocrx_word' id='word_1_375' title='bbox 248 3966 318 4028; x_wconf 83' lang='lat' dir='ltr'><strong>petit</strong></span> <span class='ocrx_word' id='word_1_376' title='bbox 328 3967 444 4016; x_wconf 83' lang='lat' dir='ltr'><strong>Tacitus.</strong></span> <span class='ocrx_word' id='word_1_377' title='bbox 570 4005 574 4014; x_wconf 92' lang='lat'>.</span> <span class='ocrx_word' id='word_1_378' title='bbox 819 3974 876 4017; x_wconf 84' lang='lat' dir='ltr'><strong>tuas</strong></span> <span class='ocrx_word' id='word_1_379' title='bbox 888 3971 1011 4033; x_wconf 73' lang='lat' dir='ltr'><strong>Poppaea·</strong></span> <span class='ocrx_word' id='word_1_380' title='bbox 1030 3970 1186 4034; x_wconf 85' lang='lat' dir='ltr'><strong>dejicerent,</strong></span> <span class='ocrx_word' id='word_1_381' title='bbox 1195 3979 1222 4018; x_wconf 87' lang='lat' dir='ltr'><strong>et</strong></span> <span class='ocrx_word' id='word_1_382' title='bbox 1232 3969 1350 4019; x_wconf 69' lang='lat' dir='ltr'><strong>Octavio</strong></span> 
     </span>
     <span class='ocr_line' id='line_1_42' title="bbox 233 4040 1348 4112; baseline 0.002 -23"><span class='ocrx_word' id='word_1_383' title='bbox 233 4079 258 4112; x_wconf 25' lang='grc' dir='ltr'><strong>ἱ.</strong></span> <span class='ocrx_word' id='word_1_384' title='bbox 282 4040 419 4103; x_wconf 77' lang='lat' dir='ltr'><strong>Repetittsm</strong></span> <span class='ocrx_word' id='word_1_385' title='bbox 429 4043 582 4105; x_wconf 67' lang='lat' dir='ltr'><strong>onerantur]</strong></span> <span class='ocrx_word' id='word_1_386' title='bbox 599 4045 656 4092; x_wconf 83' lang='lat' dir='ltr'><strong>Vox</strong></span> <span class='ocrx_word' id='word_1_387' title='bbox 669 4059 779 4093; x_wconf 69' lang='lat' dir='ltr'><strong>mueron-</strong></span> <span class='ocrx_word' id='word_1_388' title='bbox 819 4043 917 4108; x_wconf 82' lang='lat' dir='ltr'><strong>effigies</strong></span> <span class='ocrx_word' id='word_1_389' title='bbox 928 4047 1031 4109; x_wconf 86' lang='lat' dir='ltr'><strong>templis</strong></span> <span class='ocrx_word' id='word_1_390' title='bbox 1048 4053 1203 4106; x_wconf 85' lang='lat' dir='ltr'><strong>statuerent,</strong></span> <span class='ocrx_word' id='word_1_391' title='bbox 1213 4046 1291 4110; x_wconf 85' lang='lat' dir='ltr'><strong>idque</strong></span> <span class='ocrx_word' id='word_1_392' title='bbox 1302 4057 1348 4108; x_wconf 87' lang='lat' dir='ltr'><strong>per</strong></span> 
     </span>
     <span class='ocr_line' id='line_1_43' title="bbox 247 4117 1085 4180; baseline 0.01 -18"><span class='ocrx_word' id='word_1_393' title='bbox 247 4117 300 4178; x_wconf 75' lang='lat' dir='ltr'><strong>terr,</strong></span> <span class='ocrx_word' id='word_1_394' title='bbox 321 4125 461 4180; x_wconf 87' lang='lat' dir='ltr'><strong>usurpatur</strong></span> <span class='ocrx_word' id='word_1_395' title='bbox 479 4125 581 4168; x_wconf 83' lang='lat' dir='ltr'><strong>tanturn</strong></span> <span class='ocrx_word' id='word_1_396' title='bbox 603 4135 619 4166; x_wconf 85' lang='lat' dir='ltr'><strong>e</strong></span> <span class='ocrx_word' id='word_1_397' title='bbox 640 4121 729 4170; x_wconf 83' lang='lat' dir='ltr'><strong>&#39;l&#39;acito</strong></span> <span class='ocrx_word' id='word_1_398' title='bbox 751 4122 779 4170; x_wconf 87' lang='lat' dir='ltr'><strong>in</strong></span> <span class='ocrx_word' id='word_1_399' title='bbox 818 4135 943 4170; x_wconf 88' lang='lat' dir='ltr'><strong>summum</strong></span> <span class='ocrx_word' id='word_1_400' title='bbox 952 4123 1085 4171; x_wconf 81' lang='lat' dir='ltr'><strong>honorem.</strong></span> 
     </span>
    </p>
   </div>
   <div class='ocr_carea' id='block_1_8' title="bbox 249 4188 1348 4262">
    <p class='ocr_par' dir='ltr' id='par_1_8' title="bbox 249 4188 1348 4262">
     <span class='ocr_line' id='line_1_44' title="bbox 249 4188 1348 4262; baseline 0.015 -21"><span class='ocrx_word' id='word_1_401' title='bbox 249 4188 322 4242; x_wconf 69' lang='lat' dir='ltr'><strong>stes.</strong></span> <span class='ocrx_word' id='word_1_402' title='bbox 354 4190 447 4258; x_wconf 78' lang='lat' dir='ltr'><strong>ltaque</strong></span> <span class='ocrx_word' id='word_1_403' title='bbox 467 4193 508 4243; x_wconf 77' lang='lat' dir='ltr'><strong>lie</strong></span> <span class='ocrx_word' id='word_1_404' title='bbox 528 4192 671 4248; x_wconf 66' lang='lat' dir='ltr'><strong>fortensis</strong></span> <span class='ocrx_word' id='word_1_405' title='bbox 690 4196 781 4262; x_wconf 87' lang='lat' dir='ltr'><strong>lectio,</strong></span> <span class='ocrx_word' id='word_1_406' title='bbox 851 4195 978 4260; x_wconf 60' lang='lat' dir='ltr'><strong>um]</strong></span> <span class='ocrx_word' id='word_1_407' title='bbox 995 4199 1050 4250; x_wconf 72' lang='lat' dir='ltr'><strong>tter</strong></span> <span class='ocrx_word' id='word_1_408' title='bbox 1062 4196 1215 4262; x_wconf 56' lang='lat' dir='ltr'><strong>&amp;principit</strong></span> <span class='ocrx_word' id='word_1_409' title='bbox 1224 4198 1348 4259; x_wconf 56' lang='lat' dir='ltr'><strong>Mene*</strong></span> 
     </span>
    </p>
   </div>
   <div class='ocr_carea' id='block_1_9' title="bbox 0 0 1496 4850">
    <p class='ocr_par' dir='ltr' id='par_1_9' title="bbox 0 0 1496 4850">
     <span class='ocr_line' id='line_1_45' title="bbox 0 0 1496 4850; baseline 0 2"><span class='ocrx_word' id='word_1_410' title='bbox 0 0 1496 4850; x_wconf 95' lang='lat' dir='ltr'><strong> </strong></span> 
     </span>
    </p>
   </div>
  </div>
 </body>
</html>
