2984 4850
149 427 177 481 J.
191 422 289 491 usn]
500 392 711 469 suasurus
739 420 812 469 nra.
835 420 919 472 xvi.
1161 409 1249 473 2105

152 563 288 650 pellata,
312 567 423 646 patres
445 562 611 643 arguebat,
627 558 739 644 ‘quod
762 562 899 643 publica
920 561 1036 626 munia
1047 562 1247 644 desererent,

151 663 510 754 eorumque²exe1nplo
536 662 674 744 Equites
698 662 799 727 Rom.
821 664 865 726 ad
889 664 1072 746 segnitiam¹
1088 672 1248 730 verteren-

151 772 232 831 turs
274 764 415 841 Etenim,
438 764 518 846 quid
541 765 669 841 mirum,
692 784 711 829 e
732 765 919 846 longinquis
950 766 1128 845 provinciis
1159 766 1248 830 haud

149 866 294 942 veniri,⁵²
303 884 377 929 cnm
387 864 546 947 plerique,
560 864 672 947 adepti
682 862 899 929 Consulatum
909 870 943 927 et
956 864 1163 943 Sacerdotis,
1172 865 1246 929 hor-

148 1082 245 1135 tereut,
258 1091 396 1142 eorumque
407 1080 509 1128 inritatu
520 1080 621 1143 equites
634 1080 707 1127 Rom.
718 1078 752 1129 sd
773 1077 893 1127 inertiam
904 1075 1090 1126 desciscerent.
1122 1077 1157 1124 lit
1164 1080 1249 1135 certe,

146 1140 211 1251 puisi
224 1142 314 1217 mirum
327 1156 341 1190 e
355 1144 457 1192 remotis
469 1144 608 1219 provinpiis
627 1158 678 1217 nou
690 1142 778 1217 eeuire
795 1148 878 1217 potrqs
894 1141 920 1189 is
936 1140 1036 1215 carlom
1052 1154 1111 1188 cum
1122 1138 1196 1215 nrulti
1207 1140 1247 1201 qai

161 1212 233 1253 uncti
244 1208 388 1270 consulatu,
400 1215 427 1255 et
437 1208 587 1256 sacerdotiis
599 1208 702 1269 praedrn
719 1210 796 1268 nost,
812 1213 899 1269 potrus
917 1205 998 1254 nortis
1014 1204 1162 1252 excolendis
1174 1216 1248 1251 raca·

609 1364 635 1383 ΙΙ
639 1364 785 1384 eeuemu

141 1530 144 1534 .
181 1495 197 1541 2
214 1489 516 1555 &conquestione—s
533 1494 585 1543 Ms.
596 1494 865 1555 cenomannico-s
882 1489 1167 1555 Flor.sterentnr,quod
1180 1504 1244 1553 prn-

146 1554 236 1605 t'ernut
248 1558 402 1619 Bipont.-5
421 1560 471 1606 Ms.
484 1560 548 1621 lieg.
560 1565 586 1607 et
599 1558 678 1607 editio
690 1558 822 1621 princeps,
837 1557 971 1619 longinquis
984 1556 1112 1618 mactis
1128 1556 1244 1605 oenotri.

144 1618 199 1669 Ms.
212 1618 291 1668 Corb.
304 1629 330 1668 et
343 1620 510 1680 Puteolanus,
521 1638 533 1671 e
545 1618 677 1685 longinquis
685 1622 813 1683 muninciis
822 1620 937 1669 nomin.
972 1620 1035 1668 Mss.
1047 1618 1121 1666 Harl.
1134 1617 1189 1668 Jes.
1201 1618 1247 1665 nsi·

144 1690 246 1732 rumest
262 1684 403 1747 longinquis,
420 1687 459 1746 isc.
494 1687 545 1733 Ms.
558 1687 625 1734 Flos.
646 1701 658 1734 e
676 1686 809 1747 longinquis
825 1684 952 1747 pmnincis's
969 1682 1106 1738 euoenon
1123 1679 1246 1739 undePl·

144 1747 231 1794 eirena
242 1755 270 1796 et
280 1750 437 1797 recentiores
449 1750 562 1812 edidere,
577 1750 638 1797 lond
649 1750 741 1798 ueniri.-
757 1756 787 1797 ut
798 1750 858 1810 olim
869 1748 1030 1796 divinaverant
1048 1744 1157 1807 Lipsius.
1192 1746 1245 1796 Qui

134 1808 259 1873 quidem,
271 1811 318 1859 hac
330 1812 510 1861 emendatione
520 1814 630 1861 nondum
640 1815 716 1875 plene
725 1813 870 1861 consultum
881 1812 1019 1859 sententiae
1030 1815 1109 1871 ratos,
1118 1809 1246 1871 tentabat,

143 1874 203 1935 quid
213 1874 299 1923 mnam
309 1890 349 1924 nec
359 1877 492 1939 longinquis
509 1877 635 1939 provinciis
652 1875 831 1935 uicenisque!
847 1875 974 1937 promentis
991 1872 1091 1921 Mami.
1124 1872 1247 1921 Heinsius

143 1939 384 2001 veromandensi,
399 1955 411 1987 e
429 1940 561 2002 longinquis
577 1940 706 2003 prouinciis
719 1940 820 1987 adsciri:
837 1939 954 1998 Grotius,
970 1952 1015 1985 non
1030 1935 1144 1985 oneri
1176 1935 1244 1985 Sane

143 2014 205 2049 cunr
215 2000 333 2051 codicum
343 2003 473 2068 scriptura
484 2005 616 2065 convenit,
634 2004 698 2053 laed
715 2004 803 2052 maisi:
821 2016 905 2067 neque
920 2016 1008 2051 seusam
1027 2007 1069 2048 est
1085 2000 1189 2050 omnino
1200 1999 1245 2049 als-

638 2188 749 2241 NOTAE

143 2330 188 2367 res
208 2318 281 2367 libris
301 2320 473 2383 antepistolis
490 2320 675 2384 principalibus
747 2321 841 2371 Plures
867 2320 978 2385 denique
1009 2319 1071 2368 alias
1098 2318 1245 2369 habuerunt

142 2392 262 2457 legendis
279 2394 305 2442 in
324 2403 416 2446 senatu
431 2411 536 2461 operam
554 2398 614 2446 olim
632 2396 675 2446 de·
715 2394 913 2459 praerogativas:
938 2394 1003 2443 adeo
1024 2400 1054 2443 ut
1075 2392 1244 2444 Cassiodorus

142 2469 223 2520 disse.
248 2471 321 2519 Suet.
332 2472 357 2519 in
368 2472 434 2534 Aug.
445 2475 556 2523 65.etiu
568 2474 673 2526 Nerone
715 2472 879 2521 Quaestorem
896 2470 1035 2534 imaginem
1052 2469 1178 2531 principis
1201 2483 1244 2532 ap-

142 2546 185 2593 1⁵.
196 2545 359 2607 Lampridius
371 2546 397 2593 in
405 2545 534 2595 Alexand.
550 2547 674 2598 Justiuia·
714 2547 806 2608 pellet,
825 2561 855 2595 ac
872 2545 964 2607 lingna
983 2546 1061 2608 regite
1074 2558 1172 2607 vocem,
1189 2545 1207 2594 l.
1217 2557 1243 2592 v.

141 2631 193 2666 nus
205 2618 232 2666 in
246 2626 360 2668 tractatu
377 2620 568 2670 pandectarum
586 2621 619 2670 de
635 2620 673 2670 ot‘-
713 2621 791 2683 epist.
799 2624 824 2668 4.
837 2627 865 2669 et
876 2621 894 2670 l.
902 2633 941 2668 vr.
952 2618 1056 2669 formul.

136 2689 366 2745 ncioonaestarrs.
392 2696 512 2758 Inpones.
745 2697 781 2745 Et
797 2695 901 2745 Notitia
920 2695 1022 2759 imperii
1044 2694 1083 2743 ad·
1098 2694 1241 2748 anstnrin
1293 2709 1296 2712 ’

178 2767 231 2817 Hic
242 2783 297 2816 mos
313 2770 435 2833 originem
453 2769 564 2821 fortasse
582 2771 673 2821 habuit
713 2771 822 2834 insignia
839 2772 896 2820 linc
917 2771 999 2820 verba
1017 2770 1142 2834 subjicit:
1165 2771 1242 2820 ‘Sub

141 2842 178 2892 ab
188 2843 317 2909 Angusto,
328 2847 381 2911 qui,
392 2852 421 2894 ut
433 2847 516 2897 refert
527 2848 579 2896 Dio
590 2848 607 2896 l.
620 2861 671 2898 arv.
712 2846 882 2910 dispositione
893 2848 950 2896 Viri
969 2847 1074 2896 illustris
1090 2846 1242 2896 Quaestoris.

140 2932 201 2968 cum
213 2925 330 2968 senatum
341 2928 518 2982 convocasset,
534 2936 564 2970 ac
584 2936 672 2986 grave·
712 2923 794 2986 Leges
813 2923 958 2972 dictandae:
977 2921 1092 2971 Preces!
1119 2922 1243 2972 Piclrena.

140 2995 203 3044 dine
214 2996 353 3056 laboraret,
361 2997 491 3048 Quaestori
504 2997 619 3048 libellum
632 3013 672 3048 re·
710 2995 838 3046 Attamen
847 3012 894 3060 per
901 2998 1029 3058 consules,
1040 2996 1149 3046 ‘omimo
1159 3011 1242 3060 quaes·

139 3069 272 3120 citandum
285 3070 366 3120 dedit.
713 3071 777 3120 toris
785 3069 890 3130 officio,’
900 3072 960 3120 talia
968 3071 1074 3134 legebat
1082 3072 1162 3121 Nero.
1169 3071 1241 3122 Soet.

174 3146 209 3194 Et
225 3147 330 3194 Suetou.
343 3145 376 3194 de
393 3145 483 3194 eodem
500 3161 523 3194 c.
535 3151 577 3195 65.
593 3148 601 3173 ⁸
614 3145 671 3194 Caii
742 3146 751 3180 i
768 3147 832 3201 Qato
843 3148 929 3196 mian
939 3161 953 3196 c
964 3148 1098 3209 longinquis
1111 3147 1241 3210 prouinciis

140 3219 267 3285 Luciique
285 3234 347 3268 casu
364 3235 415 3269 uon
434 3221 499 3268 adeo
517 3219 625 3282 fractus,
637 3221 669 3269 de
709 3223 828 3286 nonnos]
845 3222 1162 3273 Divinabamlsosdneniri.
1182 3224 1240 3273 Nec

139 3293 669 3358 filiaabsens,aclibelloperQuaestorcm
710 3305 798 3348 tamen
820 3298 956 3348 sententie
988 3299 1064 3362 plene
1085 3299 1241 3349 consultum.

139 3372 263 3433 recitato,
274 3377 363 3420 notum
375 3371 478 3420 Senatui
492 3369 570 3420 fecit:
589 3371 669 3421 absti-
710 3373 805 3422 Melius
815 3373 867 3424 sic:
885 3374 941 3436 quid
951 3375 1046 3434 miron,
1056 3388 1098 3423 nec
1109 3375 1242 3437 ungtqnn

139 3447 248 3513 nuitqne
256 3462 396 3510 congressu
407 3447 538 3496 hominum
550 3447 604 3507 diu,
616 3462 670 3510 prae
708 3449 838 3513 provinciis
846 3450 973 3503 mtnemri.
990 3448 1049 3512 Vei,
1061 3449 1191 3511 prosiuiis
1199 3451 1242 3499 no·

140 3521 261 3587 pudore!
710 3528 780 3574 certi.
813 3525 926 3591 Lipsius.

173 3597 244 3646 Hinc
265 3597 363 3646 secutis
381 3596 535 3665 'auctoribus
560 3597 671 3646 maxims
744 3601 811 3657 Quid
829 3601 916 3650 mirans
931 3617 944 3648 e
962 3600 1095 3664 longisqsis
1111 3602 1240 3665 prouinciis

139 3671 317 3723 Quastoribna
330 3673 478 3722 auctoritas.
503 3671 670 3720 Vocabautur
709 3677 772 3724 nond
793 3675 883 3738 venies]
916 3676 1052 3725 Divinavit
1079 3677 1182 3742 Lipsius
1203 3678 1241 3727 ita

39 3775 41 3778 .
61 3755 65 3763 “
138 3747 209 3796 enim
222 3748 289 3811 juris
306 3748 477 3810 interpretes:
495 3747 579 3808 legum
596 3761 669 3796 sanc·
710 3752 884 3814 scribendum,
904 3767 963 3801 cnm
974 3753 1051 3815 vulgo
1070 3753 1241 3816 legeretur,e

139 3824 289 3888 nonumque
323 3824 486 3872 conditores:
523 3822 668 3871 edictorum
709 3827 844 3888 longinquis
859 3827 987 3889 provinciis
1003 3827 1120 3875 adveniat.
1152 3824 1192 3874 Ac
1203 3826 1241 3874 di·

138 3900 375 3963 rescriptornmque
395 3899 551 3948 dictatores:
575 3899 669 3960 princi·
709 3902 808 3952 vinatio
822 3901 873 3950 ista
886 3916 989 3964 prorsus
1006 3901 1061 3950 iere
1074 3916 1089 3949 a
1100 3900 1169 3949 Flor.
1181 3911 1241 3954 con.

139 3973 180 4037 pis
190 3975 354 4024 consiliorum
371 3981 398 4022 et
410 3973 596 4038 cogitationum
612 3989 669 4036 par·
709 3977 989 4040 firmatur,quilrabet,
999 3976 1131 4026 indomiti.
1203 4037 1207 4049 Ι

139 4047 250 4112 ticipes:
269 4063 375 4112 precum
388 4048 494 4108 arbitri;
513 4049 609 4114 quippe
627 4049 671 4112 qui
742 4053 813 4102 Hinc
834 4053 929 4114 disces,
952 4052 1046 4100 nrnltos
1065 4049 1205 4098 Senatores
1225 4064 1240 4099 e

137 4122 241 4172 libellos
263 4122 466 4190 supplicantium
488 4131 533 4172 atrt
561 4123 670 4188 repelle·
709 4126 858 4193 longinquis
879 4127 1019 4192 provinciis
1041 4124 1132 4174 Rome
1154 4122 1242 4186 fnisse,

139 4195 260 4247 bfflifflli
276 4195 459 4259 ssdffllii0b³¹¹ls
477 4197 590 4262 ii’lssiiue
611 4197 670 4246 iub·
709 4208 754 4271 qui
774 4221 845 4270 saepe
863 4207 889 4254 in
909 4204 1020 4268 patriam
1043 4199 1240 4264 proficisceban-

139 4273 298 4326 nubebant.
710 4291 763 4346 tur,
773 4288 804 4332 ut
814 4297 855 4332 res
868 4293 926 4330 suas
937 4278 1087 4326 inviserent.
