2984 4850
140 378 297 443 nosos.
489 368 696 425 sensnum
720 372 793 445 nra.
816 373 900 426 xvr.
1067 356 1070 359 ’
1157 362 1247 438 m

139 524 175 583 et
189 514 387 583 morituros-⁹
431 515 650 600 Servavitque
673 514 821 581 ordinem
833 517 982 583 munna:
1004 536 1046 583 se
1059 517 1248 585 seniorem·

138 621 247 707 psius,
260 626 331 684 nim
346 619 400 684 cul
415 617 545 703 prima⁶
560 624 657 697 oetas,
673 620 951 701 exstinguuntur
994 618 1156 685 Aoousati
1169 626 1248 705 post

137 721 354 803 sepulturam,
382 718 624 803 decretumque,
650 722 711 784 ‘ut
724 738 816 793 mure
840 721 1004 805 majorum
1022 719 1251 804 summust-¹

139 819 187 885 Et
202 820 293 887 Nero
308 821 502 899 intercessit,
512 825 522 854 ‘
534 826 671 887 mortem
684 822 755 885 sine
770 820 921 887 arbitro'⁸
937 824 1154 912 permittebas
1182 822 1244 903 Ea,

137 922 292 987 oaedbss
306 921 622 1005 penetrantibus
636 920 890 1004 adjiciebantur.
1233 958 1240 967 -

181 1025 238 1089 te
262 1023 303 1087 P.
320 1022 454 1100 Gallus,
473 1023 584 1106 Eques
614 1022 802 1101 Romanus,
818 1024 910 1106 qnod
936 1024 1042 1089 Feniu
1057 1024 1149 1091 Rufo
1170 1027 1246 1091 inti·

140 1145 216 1203 mus
229 1129 263 1189 et
275 1124 391 1191 Veteri
405 1144 475 1189 non
487 1126 616 1189 alienus
629 1124 751 1203 fuerat,
766 1145 857 1209 aqua
869 1132 971 1210 atque
978 1128 1047 1209 igni
1060 1127 1246 1210 promnion
1296 1156 1300 1163 ·

138 1276 256 1337 querent.
289 1256 440 1335 Fortunaque
448 1277 553 1323 amantur
573 1275 629 1322 ordo
649 1281 766 1334 naturae3
782 1290 811 1323 no
819 1274 922 1336 primum
932 1272 1054 1335 oetndior,
1072 1278 1124 1323 tum
1134 1254 1244 1337 liquibus

138 1337 250 1399 proximo
268 1342 335 1397 stas,
354 1337 482 1387 interemt.
521 1338 635 1387 Armati
652 1344 712 1392 sunt
731 1343 785 1403 post
795 1337 882 1399 straus,
902 1338 1107 1399 mundamque,
1127 1343 1156 1386 nt
1172 1352 1246 1388 mora

139 1401 266 1475 majorum
286 1400 413 1477 supplicio
433 1400 607 1477 afficerentur.
640 1403 676 1451 Et
694 1403 834 1477 adversatur
850 1406 886 1451 eat
904 1402 979 1462 Nero,
990 1410 1099 1477 mortem
1114 1401 1172 1463 ipsis
1189 1401 1245 1451 siue

138 1466 217 1577 {xm
237 1464 345 1515 arbitrtu
368 1470 531 1529 permittens.
575 1466 620 1514 En
642 1470 789 1530 pemetrottr
808 1466 904 1515 aaron
922 1466 1069 1514 emmetra
1089 1464 1248 1527 meban-

174 1592 331 1645 inanima
341 1597 375 1643 est
386 1608 446 1655 equa
456 1598 479 1642 et
490 1592 582 1653 igniP.
593 1593 664 1643 Gnllo
672 1592 748 1657 equiti
759 1594 874 1653 Romam,
882 1594 945 1655 qaod
956 1592 1091 1651 semitiora
1099 1590 1246 1653 FeaioRrrfo

138 1661 164 1711 st
188 1656 266 1707 Veteri
283 1672 330 1707 soa
347 1657 456 1706 inimicus
468 1656 566 1717 suiad.
601 1658 727 1707 intonas
745 1657 830 1707 tomo
850 1658 1025 1707 rtooortsstori
1045 1672 1132 1707 merces
1141 1662 1244 1707 mnata

603 1780 662 1801 ene
665 1778 782 1799 “nun

140 1870 169 1913 et
181 1862 214 1913 ad
225 1862 355 1912 labentem
367 1860 478 1911 animam
490 1858 636 1910 retulit-5
654 1857 738 1908 Senior
748 1857 863 1936 Rpokins
872 1866 902 1909 et
913 1859 1060 1910 Gronovius
1070 1868 1098 1911 et
1109 1860 1246 1913 Brotierus

137 1934 199 1977 ‘oum
209 1927 326 1977 Homero
341 1926 455 1975 edidere.
489 1922 526 1974 At
537 1923 651 1988 Ryoltius
661 1924 688 1973 in
700 1938 814 1987 margine
825 1924 911 1988 posuit
925 1926 1029 1973 seniores
1035 1940 1045 1982 ,·
1061 1933 1089 1974 et
1100 1927 1137 1975 sic
1149 1924 1246 1975 Acida-

139 1992 190 2041 lins
202 1998 229 2041 et
238 1991 336 2040 Illustr.
348 1988 460 2039 Hnetius
470 1989 585 2039 mallent.
620 1988 702 2035 Favet
710 1988 762 2037 Ma.
770 1988 840 2037 Flor.
850 1990 877 2037 in
888 2004 940 2053 quo
949 1990 1097 2039 maiora—d
1112 1990 1249 2040 Acidalius

137 2056 239 2116 uallet,
252 2054 376 2117 probitum
392 2068 442 2103 neo
459 2052 583 2115 displicet
599 2052 723 2112 Ernesto,
742 2052 803 2116 quia
821 2054 963 2115 precessit,
978 2054 1104 2116 prius—⁷
1120 2054 1165 2103 lta
1180 2056 1245 2107 ress.

137 2118 216 2175 Harl.
228 2118 305 2169 Bodl.
316 2116 396 2169 Cotb.
408 2123 436 2166 et
455 2116 623 2167 Puteolanus.
657 2114 687 2165 ln
697 2116 763 2165 Mas.
774 2116 842 2166 Bud.
855 2116 944 2167 (lueis.
954 2116 1017 2179 Agr.
1028 2119 1085 2185 des,
1094 2125 1123 2168 et
1129 2118 1245 2170 editione

160 2182 268 2247 rincipe‚
278 2182 501 2245 mummium-8
519 2180 562 2231 lta
573 2180 638 2229 Mas.
648 2179 725 2231 Bodl.
736 2180 792 2231 Jes.
803 2182 842 2229 sio
850 2195 951 2245 quoqne
961 2182 1100 2234 Picbeuae
1112 2182 1162 2231 nts.
1174 2184 1244 2233 Flor.

138 2197 255 2312 {lyctius
274 2262 289 2295 e
307 2246 357 2295 Ms.
378 2244 442 2309 Agr.
481 2244 514 2293 ln
530 2244 586 2293 aliis
605 2244 669 2293 Mas.
687 2250 714 2292 et
734 2243 889 2293 editionibus
908 2246 1051 2304 veteribus,
1069 2246 1119 2295 siae
1134 2246 1245 2297 arbitrio.

138 2312 219 2363 Unde
239 2310 390 2361 Torrentius
411 2308 576 2369 emendabat,
596 2322 638 2356 suo
657 2306 768 2357 arbitrio.
808 2308 903 2373 Faber,
922 2309 972 2369 pus
986 2310 1097 2371 arbitrio,
1112 2310 1154 2359 vel
1172 2310 1246 2359 libero

138 2376 249 2429 arbitrio.
282 2376 308 2428 J.
331 2376 362 2425 F.
383 2372 536 2435 Gronovius,
556 2372 607 2421 aine
621 2371 723 2421 arbitrio
744 2372 876 2425 remittent.
909 2372 968 2422 δίκε
986 2372 1077 2422 arbitro
1099 2373 1154 2437 jam
1177 2373 1246 2423 dixit

136 2441 244 2555 ἶιείῑιιε
261 2441 356 2490 Annal.
368 2453 387 2490 1.
398 2443 440 2488 ad.
472 2437 536 2490 ‘An
548 2436 656 2501 praemia
666 2436 714 2486 tub
731 2436 848 2500 dominis,
868 2451 957 2500 posnaa
975 2438 1032 2486 aine
1049 2437 1150 2486 arbitro
1167 2437 1245 2488 esse!

167 2507 249 2556 tuller-

644 2577 752 2630 ΝΟῬΕ

135 2687 251 2745 experta
261 2679 345 2742 nobis,
356 2693 420 2744 quos
432 2676 567 2744 aliquando
576 2676 672 2744 linquit
710 2675 994 2740 Auetor'l'rauquillus.
1022 2677 1155 2728 Ferrettas.
1228 2686 1230 2691 ’

134 2755 259 2808 animus?
742 2751 879 2801 amoses
901 2753 954 2801 siae
977 2752 1067 2802 arbitro
1093 2748 1247 2825 penaittettd

135 2843 138 2848 ·
170 2833 279 2882 Sueten.
291 2827 403 2894 August.
415 2831 456 2878 99.
467 2830 475 2857 ⁴
488 2827 599 2878 Sortitus
614 2827 669 2878 exi·
710 2827 875 2878 Clarissimus
891 2828 977 2878 Faber
992 2828 1032 2877 bis
1048 2829 1149 2879 buncoa
1159 2831 1245 2880 locum

137 2913 196 2959 tum
206 2905 321 2968 facilem,
333 2913 360 2955 et
371 2907 471 2970 qualem
485 2917 587 2968 semper
596 2910 669 2968 opta·
709 2903 807 2966 attigit.
823 2904 913 2953 Primo
920 2905 945 2953 ei
952 2905 1033 2953 visunt
1042 2905 1246 2966 legere,ttrortem

135 2987 236 3034 verat.
253 2981 320 3032 Nam
347 2979 404 3030 fere
428 2980 529 3046 quoties
555 2979 670 3030 audisset
709 2979 1242 3044 trtmssbtrrts:postms1otr,sssssttrrto.

137 3061 204 3120 cito,
230 3073 261 3108 ac
280 3057 351 3107 nullo
374 3055 492 3106 cruciatu
517 3055 671 3104 defunctum
710 3055 788 3106 Quod
800 3062 958 3117 postremum
966 3051 1246 3118 magnitatiseffatnm

134 3132 296 3198 quesnpism,
318 3131 366 3180 sibi
392 3129 421 3180 et
452 3130 503 3178 suis
532 3128 671 3178 assumas
707 3130 1247 3194 jureplnoet:magistamennreum,mor·

135 3207 249 3257 similem
260 3207 322 3270 (hoe
332 3203 489 3255 enimverbo
503 3203 541 3252 uti
557 3201 671 3268 solebat)
710 3210 759 3256 tent
767 3205 819 3256 sine
827 3206 929 3256 arbitro.

139 3281 314 3348 precabatur!
348 3280 400 3330 Sed
428 3281 488 3331 celer
511 3279 593 3330 esitus
619 3293 671 3328 non
743 3284 779 3332 Et
797 3296 1021 3346 asseverem,eam
1034 3279 1148 3332 Cornelii
1164 3282 1246 3346 scrip·

136 3357 248 3424 perinde
267 3355 363 3419 facilia,
385 3357 463 3404 immo
484 3352 553 3404 forte
575 3353 672 3404 violen·
712 3358 1246 3419 trrrsmessa,a1·*lorentinoetiamcodice

134 3435 201 3486 tior.
712 3431 755 3498 (ut
781 3441 872 3498 postes
899 3432 1028 3498 comperi)
1063 3435 1244 3500 approbatam.

135 3521 140 3530 '
172 3507 314 3571 ἔδωκα]
327 3505 671 3570 NempeaviaSextt'npriur
713 3509 783 3558 Mors
791 3508 1246 3574 nsearbitrorlibera,sinedomino‚

136 3585 321 3650 exstinguitur,
332 3583 391 3634 dein
408 3582 451 3631 oui
467 3583 671 3646 proximantes,
712 3583 875 3646 sinejndioe.
898 3585 987 3633 Simile
1000 3584 1092 3635 Annal.
1106 3586 1150 3636 lib.
1162 3589 1245 3652 utun

135 3673 233 3724 nempe
244 3667 322 3725 pater
331 3659 362 3710 1..
384 3661 462 3719 Vetus,
477 3657 537 3709 dein
550 3659 607 3721 ipsa
618 3657 671 3708 filia
711 3660 820 3722 prumia
830 3659 878 3709 sub
886 3658 1004 3724 dominis,
1012 3675 1101 3724 poeuas
1112 3661 1168 3712 sine
1177 3661 1246 3710 urbi-

137 3737 255 3803 Pollutt'o,
275 3741 379 3786 servam
404 3733 493 3785 ordine
514 3739 615 3784 naturae
642 3737 671 3784 et
711 3743 752 3786 tro
763 3725 819 3785 esse
827 3734 845 3784 l'
876 3735 982 3800 mpnss.
1235 3795 1238 3805 Ι

135 3811 238 3862 atatis.
388 3823 390 3828 ·
751 3812 810 3862 Sine
826 3811 928 3861 arbitrio
948 3820 976 3862 et
995 3811 1045 3863 tine
1064 3811 1155 3860 arbitro
1175 3808 1244 3871 idem

134 3898 138 3904 ·
170 3883 609 3950 'Dmdnmpunutmorentojoanm
624 3899 670 3948 pn·
711 3895 762 3951 est,
780 3889 888 3953 primam
909 3893 995 3938 tamen
1015 3887 1154 3938 lec-tionem
1171 3893 1244 3934 ante-

135 3963 258 4026 irinentnr]
274 3964 375 4014 Neroni
384 3968 590 4026 oomqnaereret,
600 3961 671 4012 Quin
713 3977 791 4027 pono.
824 3961 901 4014 Quod
920 3961 1069 4012 faciendum
1087 3960 1188 4025 quoties
1202 3975 1245 4008 ve-

137 4041 210 4094 esset
220 4057 293 4110 more
304 4041 446 4104 majorum?
463 4053 611 4102 responsum
621 4043 671 4100 est,
713 4043 755 4087 tus
763 4035 843 4086 leutio
852 4044 900 4099 est,
909 4043 937 4086 et
946 4037 1006 4086 nihil
1017 4034 1171 4085 incommodi
1180 4048 1246 4105 pree-

135 4120 211 4170 Nndi
223 4117 331 4168 bominis
342 4117 471 4167 cervicem
488 4115 566 4166 inseri
577 4113 669 4173 furere,
710 4111 773 4163 lert.

138 4189 390 4260 corpusquevlrgis
417 4189 450 4239 nd
471 4205 563 4241 necem
591 4189 667 4238 esni:
743 4189 802 4238 Siste
818 4188 922 4250 arbitro]
949 4186 981 4236 ld
993 4191 1043 4248 est,
1060 4184 1167 4236 liberam
1180 4184 1243 4250 ipsis
