2984 4850
133 375 161 427 J.
177 373 279 437 cea]
477 369 682 419 sannarum
708 368 780 420 arn.
804 367 885 420 xlv.
1156 355 1245 424 1769

136 533 238 598 quam
253 514 505 578 discessionem
527 511 653 576 Consul
675 515 877 596 permiserat,
902 514 1091 597 podibnsin
1113 521 1242 579 senten⁴

136 617 218 680 tiam
234 615 309 699 ejus
321 617 399 692 iere,
411 615 529 698 paucis
540 615 682 677 exemtis
693 621 726 679 :²
749 617 783 678 in
798 617 918 698 quibus
933 617 1121 680 adulatione
1131 637 1242 700 prorn-

136 717 286 781 tissimus
315 715 378 780 fuit
403 714 448 780 A.
474 711 652 792 Vitellius,⁵
681 717 842 798 optimum
870 733 1035 801 quemque
1057 719 1167 801 jurgio
1192 718 1241 780 la·-

138 837 274 882 cessens
301 825 335 882 et
360 815 568 900 respondenti
594 819 746 895 reticens,
762 825 799 881 ut
823 819 947 901 pavida
973 821 1106 900 ingenia
1125 820 1241 884 solent.

134 1015 268 1074 manem,
280 1017 391 1062 certatim
402 1013 471 1061 Peto
481 1026 604 1072 mererere,
624 1011 730 1073 exceptis
747 1010 843 1073 maris:
857 1011 922 1060 ister
932 1027 996 1075 quos,
1004 1027 1048 1074 per
1058 1013 1240 1062 munionem

133 1077 358 1135 seducimimmsrtit
368 1077 400 1125 A.
417 1077 531 1134 Vitellius,
542 1076 663 1137 egregium
674 1089 786 1137 quemque
797 1074 860 1124 rixis
870 1076 995 1138 incessens,
1006 1082 1029 1124 et
1040 1092 1092 1126 eam
1103 1077 1128 1126 ei
1145 1092 1239 1140 reapon-

134 1146 229 1192 deretrtr
255 1138 334 1204 silent,
353 1146 381 1189 nt
401 1140 490 1204 trepidi
509 1139 613 1189 homines
643 1141 727 1189 solent.
760 1138 810 1186 Sed
827 1141 930 1188 cameles
949 1156 994 1190 aon
1020 1141 1072 1189 ausi
1096 1141 1240 1204 perscribere

136 1383 223 1448 quein
236 1383 349 1446 margine
361 1383 413 1432 Me.
426 1382 551 1432 aeut-n
562 1380 631 1430 Flor.
652 1379 740 1442 babet,
760 1380 861 1443 ereptis.
895 1379 984 1440 Forte,
1001 1380 1114 1444 exceptis,
1125 1380 1240 1430 Picbena

134 1447 228 1514 iuquit.
244 1446 324 1497 Feret
341 1447 368 1497 id
379 1462 440 1496 sane
460 1446 560 1495 melius.
593 1443 645 1494 Sed
662 1459 677 1492 a
696 1444 826 1508 scriptura
836 1444 880 1493 illa
900 1444 963 1494 nihil
975 1445 1098 1494 extrices,
1131 1445 1240 1509 virgula

638 1585 744 1640 NO'l'AE

133 1707 217 1771 initio,
229 1714 351 1759 revocata
372 1709 430 1772 lege
448 1705 603 1771 majestatis,
624 1717 668 1753 vo·
709 1719 764 1763 tum
777 1711 856 1762 unum
876 1711 1020 1778 principem
1038 1720 1153 1776 gemtus,
1171 1700 1240 1778 prio}

134 1783 213 1832 luerit
223 1783 369 1832 clementiae
388 1781 481 1831 famam
494 1779 628 1844 aucupari,
646 1778 667 1828 si
707 1804 772 1847 fem,
789 1790 835 1838 sed
853 1795 954 1839 rantum
973 1790 1104 1839 commem
1121 1789 1239 1852 designa.

133 1857 271 1908 damnatus
283 1874 298 1907 a
309 1865 401 1908 senata
413 1872 471 1906 reus
482 1863 561 1906 esset.
708 1870 772 1912 tam.

165 1941 176 1966 ¹
192 1935 378 1998 Ducenium]
409 1933 666 2006 Senatutconflultum
738 1941 833 2004 Itaque
843 1955 904 2006 mox
920 1954 978 1989 cnm
989 1945 1138 1990 coarctatas
1148 1955 1240 1990 consu·

132 2009 326 2060 tiebatduobas
348 2010 439 2074 modis,
460 2009 503 2059 vel
524 2009 666 2058 sententiaa
705 2016 852 2064 laturerret
860 2014 892 2062 ad
900 2015 1080 2078 dummenses,
1088 2023 1116 2064 et
1125 2016 1239 2065 Kalend.

133 2087 294 2153 singulorum
314 2086 513 2152 exquirendo,si
537 2099 577 2135 res
597 2092 666 2135 esset
704 2091 837 2143 ,ianuariis
854 2092 1053 2155 designarentur
1071 2093 1188 2142 consules
1200 2098 1239 2142 to·

133 2164 222 2228 dubia,
233 2166 276 2214 vel
293 2181 340 2230 per
359 2164 550 2226 discessionem,
566 2163 587 2212 si
605 2178 665 2213 cou-
706 2168 759 2217 tius
776 2168 835 2216 anni
851 2168 910 2217 binc
921 2165 1011 2230 fiebat,
1028 2173 1058 2216 ut
1068 2168 1192 2232 deinceps
1205 2168 1238 2218 ab

132 2239 294 2302 sentiretur3
312 2247 419 2306 tamque
440 2241 516 2291 moris
527 2239 586 2300 fuit,
603 2247 633 2290 nt
644 2240 664 2310 ie
704 2243 754 2292 illis
765 2243 901 2303 Kalendis,
920 2242 977 2292 fere
996 2249 1052 2292 toto
1068 2257 1135 2292 anno
1153 2243 1238 2308 desig·

132 2317 309 2380 magistratus,
321 2317 408 2381 quide
427 2317 551 2381 aliquare
569 2315 603 2365 ad
626 2331 665 2365 se·
705 2318 760 2368 nati
778 2318 882 2383 qnidam
895 2319 1012 2366 consules
1023 2324 1126 2377 essent3
1143 2317 1180 2366 ita
1200 2324 1238 2367 ta·

131 2397 221 2443 natum
244 2393 381 2458 retulerat,
398 2393 507 2455 diceret,
534 2392 597 2457 ‘qui
616 2393 664 2443 troc
705 2401 804 2445 meant
815 2393 943 2459 designati
961 2400 1099 2443 censerent
1117 2405 1239 2458 rogaren-

132 2470 253 2533 eensetis‚
272 2471 333 2521 illuc
349 2470 474 2531 transite,
490 2470 535 2535 qui
551 2470 602 2519 alia
613 2483 665 2518 our·
706 2477 798 2536 turqne
807 2486 855 2535 pro
864 2470 965 2531 ordine,
977 2484 1029 2534 qao
1041 2468 1106 2517 inire
1124 2468 1238 2518 consula·

132 2544 183 2605 nia,
196 2544 223 2593 in
235 2545 301 2595 banc
313 2546 433 2610 partem'
466 2546 565 2597 Quibus
577 2545 664 2594 verbis
705 2551 760 2595 tum
775 2545 934 2594 debuemnt:
952 2558 1047 2607 nempe
1058 2542 1136 2607 primi
1145 2557 1237 2592 consu·

132 2620 243 2682 praeibat
270 2622 361 2671 ominis
378 2636 466 2685 causa,
492 2634 525 2670 ne
555 2619 664 2683 diceret,
705 2620 742 2671 les
753 2620 853 2669 inibant
866 2620 931 2683 ipsis
943 2618 1069 2677 Kalendis
1083 2617 1190 2668 Jannar.
1210 2625 1239 2669 et

131 2696 353 2759 ,rememora
705 2697 741 2745 sie
763 2711 809 2759 per
828 2696 893 2747 duos
912 2710 1014 2762 menses
1035 2694 1188 2745 ianuarium
1209 2701 1239 2744 et

163 2773 244 2825 Quod
255 2775 277 2823 si
298 2774 456 2838 singulorum
473 2762 610 2823 sententiae¹
619 2787 663 2822 ex·
704 2771 875 2821 Februarium
886 2770 1014 2835 designati
1020 2776 1096 2819 erant
1110 2770 1238 2831 consules,

131 2848 265 2913 quirendae
286 2858 382 2913 essent,
404 2849 548 2909 tammonis
565 2846 665 2911 fnit,ut
705 2846 749 2913 qni
771 2847 836 2896 inire
856 2847 1003 2896 debuemnt
1025 2844 1150 2895 Kalendis
1162 2843 1237 2910 ‘Mar-

133 2931 191 2985 post
201 2924 307 2973 comitia
318 2925 471 2987 consularia,
483 2924 600 2975 eonsules
619 2924 665 2973 de·
681 2937 684 2942 ’
706 2923 758 2985 tiis,
766 2931 795 2974 et
807 2923 844 2973 sie
854 2923 899 2973 alii
914 2923 1038 2985 deinceps
1057 2921 1158 2982 ordine,
1180 2925 1236 2968 toto

132 2998 226 3063 signati
238 3000 315 3063 primi
337 3001 479 3051 sententias
501 3006 664 3064 rogarentur,
705 3012 783 3047 anno.

132 3080 254 3124 eteorum
266 3076 344 3138 prior,
353 3076 665 3141 nempe,quiprioreloeo
737 3072 921 3133 Discessiosem]
957 3072 1068 3135 Nempe,
1095 3070 1237 3121 alliceret

132 3148 280 3223 declaratus
291 3159 361 3201 esset
371 3171 379 3213 ς
396 3160 456 3201 ante
471 3152 577 3201 comitia
593 3167 665 3217 vero,
705 3149 824 3213 patribus
834 3149 971 3197 discedere
990 3147 1017 3195 in
1028 3155 1128 3211 partem
1140 3153 1168 3196 et
1178 3161 1237 3196 sen·

133 3226 176 3290 qui
198 3242 214 3276 a
236 3227 386 3277 censoribus
415 3230 537 3293 princeps
558 3236 664 3280 senatur
704 3226 814 3275 tentiam
832 3239 908 3290 qnam
931 3225 1040 3286 vellent,
1063 3226 1104 3273 vel
1124 3224 1236 3274 consulis

131 3299 331 3364 lectnsfnera13
348 3304 664 3369 posteaiiquosconsali·
703 3301 833 3368 designati
867 3310 977 3353 mortem
1003 3303 1151 3366 statuentis,
1190 3309 1237 3352 aut

132 3374 177 3425 bns
190 3377 335 3427 videbatur.
369 3380 412 3429 lta
423 3388 509 3429 tamen
521 3387 550 3431 ut
569 3389 664 3443 prato·
676 3373 678 3379 ’
702 3380 823 3430 'l'braseae
833 3380 939 3430 exilium
950 3380 1090 3429 censentis.

132 3452 204 3515 rium¹
219 3456 347 3504 consulari
367 3470 418 3506 uon
437 3457 591 3521 praeferrent
598 3474 606 3519 ;
635 3466 663 3511 et
736 3458 794 3505 Ἀ.
810 3455 931 3518 Vitellius]
965 3454 1237 3518 Quodposteaimpe·

109 3538 113 3544 '
133 3529 169 3579 sic
182 3530 308 3593 deinceps
319 3533 420 3585 ordine.
703 3537 776 3581 rator
795 3531 838 3581 ille
857 3532 884 3579 in
902 3536 994 3580 senata
1017 3537 1144 3594 recenset,
1163 3530 1235 3581 libris
1256 3594 1260 3599 .

106 3598 109 3602 ’
163 3605 217 3655 Sed
226 3606 286 3670 quie
296 3607 344 3657 sub
357 3610 516 3674 principibus
525 3611 663 3676 uonelige·
703 3608 804 3658 Histor.
811 3622 915 3671 nempe,
922 3614 1067 3656 senatorem
1079 3613 1107 3655 et
1119 3613 1173 3657 tum
1183 3607 1235 3671 pri-

132 3677 207 3729 batur
219 3682 340 3745 princeps
352 3691 466 3749 senatus,
475 3693 503 3736 et
513 3689 663 3737 consulatus
703 3690 791 3732 ratum
814 3683 913 3732 seolim
931 3683 1081 3745 opposuisse
1102 3684 1235 3746 Thrasea,

131 3752 164 3802 sd
174 3762 596 3825 paucosmensesrestrictaserat,
607 3752 672 3812 tum*
703 3760 729 3807 iu
748 3760 780 3809 iis
791 3760 867 3809 rebus
887 3774 945 3826 quae
965 3760 998 3809 ad
1015 3760 1143 3824 Rempub.
1162 3773 1236 3823 spec·

131 3832 221 3880 consul
249 3833 410 3897 designatus,
436 3851 484 3899 per
503 3838 567 3886 duos
594 3836 664 3887 forte
705 3843 800 3886 terent.

130 3910 400 3959 menseseonsnlatum
408 3914 604 3974 antecedentes,
612 3914 663 3976 pri·
736 3910 814 3962 Quod
826 3910 869 3959 alii
882 3917 970 3973 patres
984 3909 1099 3972 irrisere,
1110 3915 1139 3957 nt
1149 3909 1176 3958 in
1188 3910 1234 3958 tali

131 3993 188 4029 mas
207 3983 347 4045 rogabatur
368 3987 533 4049 sententiam,
551 3995 597 4037 snt
618 4004 663 4051 per
703 3986 814 4047 bomine,
835 3987 916 4049 quise
935 3986 1055 4035 Thraseae
1076 3985 1233 4047 adaquaret.

130 4054 211 4124 uices,
222 4060 294 4121 prior
313 4060 460 4126 designatas
472 4064 555 4125 primo
566 4077 663 4123 mense,
704 4059 758 4109 Alii
777 4061 926 4125 laudavere,
942 4062 1016 4126 qnasi
1029 4059 1090 4109 boni
1111 4058 1234 4121 impetus,

130 4136 160 4180 et
181 4133 251 4183 alter
271 4137 361 4186 consul
379 4138 492 4189 seeundo
510 4154 618 4203 mense;
634 4148 663 4191 et
702 4138 874 4202 etquenam
886 4136 1043 4187 nomineillo
1061 4134 1234 4187 virtatemta·

130 4211 187 4257 toto
200 4207 294 4263 Tacito
305 4224 356 4262 non
376 4214 491 4278 reperies
500 4213 580 4267 fuisse
590 4230 664 4282 roga
702 4228 763 4266 meu
773 4212 930 4279 celebraret,
939 4212 1133 4277 Thraseamqae
1145 4211 1232 4279 potins
