2984 4850
256 334 344 405 leet
612 353 644 402 o.
667 350 851 402 ooaunnu
874 349 1001 402 raomr
1200 355 1358 423 [numo.

258 515 367 562 aureae
395 496 430 560 in
459 493 564 560 soli0¹
586 491 769 577 Capitolini
799 494 919 559 Jouisy
940 495 1126 567 locarentur
1136 500 1164 561 ι*
1197 485 1358 562 ludiorum

258 599 430 674 circense,¹
443 601 479 660 ut
489 595 513 659 J
515 596 596 660 uliee
607 597 693 678 genti
707 594 799 678 apud
818 595 995 673 Bovillae,⁸
1008 597 1057 660 ita
1070 595 1229 660 Claudiae
1246 597 1358 661 Domi-

256 695 400 782 tirequel’
413 697 501 780 apud
516 694 654 759 Antium
676 695 854 760 ederetur?
874 716 951 779 quae
972 697 1066 760 fluxa
1078 697 1185 774 fuere,
1209 703 1357 781 quartum

255 795 343 862 iutra
356 815 502 862 mensem
522 795 822 862 defunctainiante.
865 795 1065 880 Rursusque
1087 801 1223 862 exortae
1246 797 1356 864 adula-

256 897 373 975 tionem
389 897 590 961 censentium
607 896 786 962 ‘honorem
800 899 920 963 Divae⁶
931 903 964 962 et
975 899 1128 981 pulvinar
1139 899 1316 982 'aedemque
1326 903 1357 966 et

255 1091 311 1127 rum
319 1075 443 1140 imagines
453 1089 537 1126 aurem
549 1080 727 1126 statuerentur
735 1077 763 1125 in
773 1077 845 1139 aede,
853 1092 895 1128 eea
904 1077 1050 1139 aratoris
1058 1077 1223 1142 capitolium
1239 1083 1268 1128 et
1274 1093 1356 1144 quem·

255 1142 394 1191 admodum
418 1140 473 1190 ludi
495 1141 631 1190 Circenses
647 1140 723 1192 Julioe
739 1141 844 1190 familie
868 1143 936 1205 apud
960 1144 1085 1204 Bovillaa,
1099 1143 1140 1192 ita
1165 1140 1239 1206 apud
1255 1142 1355 1194 Antium

254 1205 326 1269 genti
347 1204 462 1255 Claudiae
481 1205 658 1269 Domitiaeque
680 1205 882 1255 celebrarentur.
926 1206 988 1262 Quoe
1006 1207 1092 1256 atatim
1113 1208 1248 1271 exolevera,
1269 1211 1356 1256 maa

252 1270 332 1331 puella
341 1269 405 1318 intra
416 1273 515 1332 quatuor
525 1283 623 1318 amares.
655 1268 793 1333 Iterumqae
809 1271 894 1320 excite
909 1272 1079 1320 maentmimr
1089 1270 1252 1320 amantium
1263 1271 1355 1323 cultum

285 1527 301 1572 4
319 1524 361 1574 Sic
372 1525 437 1575 Mur.
449 1524 519 1576 lior.
530 1525 587 1588 Reg
599 1523 664 1589 Agr.
676 1523 756 1574 Corb.
768 1524 850 1575 editio
862 1526 984 1591 princepe
996 1532 1025 1576 et
1035 1527 1208 1578 recentiorea.
1243 1525 1276 1575 ln
1292 1514 1352 1576 ursi.

752 1669 861 1720 NOTAE

286 1780 341 1829 ¹Ia
355 1781 426 1845 tolio]
453 1781 523 1834 Quid
539 1783 574 1832 ait
591 1783 680 1833 solium
697 1783 782 1847 lovis,
854 1785 1031 1847 *Juuoegeott
1046 1787 1109 1848 apud
1126 1783 1248 1848 Bouillae]
1262 1783 1350 1835 Annei.

253 1855 338 1904 innuit
346 1857 412 1907 Teo.
430 1858 500 1908 Hiet.
513 1873 555 1908 ιιι.
567 1863 607 1908 tl.
620 1859 664 1908 ubi
681 1859 713 1907 de
729 1861 782 1908 Do·
821 1857 868 1911 lib.
880 1874 910 1909 ιι.
927 1861 1092 1909 ‘sacrarium
1111 1861 1187 1922 genti
1202 1859 1288 1922 Joiiae,
1303 1856 1351 1908 effi·

253 1931 375 1982 mitiauo:
401 1934 486 1983 ‘Mox
510 1935 648 1999 imperium
671 1935 782 1998 adeptus
823 1935 929 2000 gieeque
941 1937 1011 1986 Divo
1021 1934 1141 1998 Augusto
1154 1935 1225 2000 apud
1242 1935 1350 1984 Bovillae

252 2007 313 2058 Jovi
326 2009 427 2058 cuatodi
444 2012 569 2074 templum
584 2012 685 2076 ingens,
701 2027 782 2077 seque
823 2011 961 2060 dicantur.'
988 2011 1095 2072 Lipsiae.

252 2081 280 2130 in
289 2083 345 2135 sinu
356 2083 409 2132 Dei
420 2084 550 2136 narravit?
576 2085 679 2150 Nempe
688 2088 714 2137 in
726 2089 783 2138 sinu
854 2085 973 2148 Bouillae]
992 2086 1103 2134 Bovillae
1115 2085 1241 2148 oppidum
1254 2084 1350 2134 Latino·

249 2153 326 2208 Jovis
342 2173 413 2208 auam
433 2159 543 2222 effigiem
560 2161 665 2225 locavit,
677 2163 782 2214 dicavit.
821 2175 877 2209 rum
895 2162 1047 2224 populorum
1061 2160 1094 2209 ad
1106 2160 1177 2209 riam
1189 2160 1309 2223 Appiam,
1324 2160 1349 2208 in

251 2234 783 2298 Etalibi,‘vietoriaesaeratreinsinuDei.'
821 2235 896 2285 Latio
905 2235 1178 2299 provinciazirodieiu
1187 2236 1268 2284 ruiuia
1272 2234 1350 2297 jaeet,

285 2310 378 2374 Itaque
388 2327 447 2361 cunr
458 2311 533 2373 dicit,
543 2313 569 2361 ia
579 2313 637 2360 solio
646 2300 782 2376 ¹Capitolini
821 2311 889 2361 inter
901 2315 1008 2362 Romam
1019 2312 1110 2361 urbem
1126 2317 1157 2361 et
1173 2311 1298 2375 oppidum
1307 2309 1347 2359 Al·

251 2385 328 2449 Jove,
340 2393 404 2451 puto
415 2389 512 2451 positae
524 2389 581 2437 illas
592 2387 690 2453 effigies
701 2387 727 2437 in
739 2403 781 2439 ea·
821 2387 889 2449 bauo,
899 2389 925 2437 ln
934 2388 1075 2450 Campania
1086 2389 1214 2447 Romana,
1224 2371 1349 2449 provincia

251 2460 311 2510 dem
322 2461 393 2522 aede,
404 2478 454 2526 qua
465 2469 551 2511 statne
560 2463 644 2525 Jovis,
662 2464 732 2512 circa
743 2464 781 2527 ip·
821 2471 904 2513 statue
922 2463 1110 2513 Ecclesiastiei.
1144 2464 1187 2511 Ex
1204 2462 1280 2511 ltalia
1293 2455 1347 2509 Clu'·

250 2536 416 2599 aumJoveur,
426 2542 455 2585 et
465 2536 534 2586 forte
545 2538 616 2587 velut
627 2538 654 2586 in
666 2538 721 2587 sin'u
735 2539 781 2590 Jo·
820 2540 886 2588 rerii
902 2540 922 2589 l.
931 2552 977 2588 ιιι.
987 2554 1012 2587 e.
1023 2543 1048 2590 4.
1059 2553 1086 2601 p.
1098 2544 1158 2588 915.
1169 2544 1198 2586 et
1208 2535 1282 2585 Latio
1292 2534 1347 2583 Kir-

250 2612 297 2673 via‚
322 2613 382 2675 quia
401 2613 519 2675 modicae,
547 2608 574 2662 et
601 2615 780 2678 magnitudine
823 2614 902 2664 cheri.
932 2614 1094 2663 llllemoaiaa.

249 2685 327 2748 longe
338 2687 457 2749 impares.
722 2677 724 2681 ¹
851 2688 863 2723 '³
874 2690 982 2739 Claadioe
990 2688 1164 2752 Domumque]
1181 2688 1250 2741 Quia
1260 2689 1346 2735 utram·

217 2781 221 2788 ¹
283 2762 315 2811 Ia
325 2763 382 2811 aelio
392 2762 473 2826 Jooir]
497 2765 566 2814 Puto
582 2764 619 2813 aie
636 2764 780 2829 intelligere·
820 2779 870 2830 que
883 2772 987 2827 gentem
998 2766 1151 2827 complexus
1164 2764 1245 2825 Nero,
1257 2772 1345 2823 genere

250 2828 328 2886 dum:
346 2838 458 2901 reposita
469 2854 500 2887 ea
517 2839 655 2889 simulacra
666 2838 780 2889 fortuna·
817 2846 928 2903 paterno
944 2854 977 2889 ex
994 2839 1115 2888 Domitiia
1131 2844 1213 2901 ortus,
1235 2842 1343 2886 materno

251 2927 307 2962 rum
324 2914 351 2963 in
367 2912 507 2966 ainuJovis
524 2915 551 2962 in
568 2914 631 2963 solio
648 2914 778 2964 sedentia:
820 2914 943 2964 Claudios
969 2913 1079 2963 ferebat
1121 2914 1192 2963 Nam
1208 2910 1344 2975 Agrippina

251 2988 294 3053 qui
307 2987 376 3040 euim
393 2997 502 3053 potuere
519 3006 557 3041 ere
571 2989 731 3039 fortunarum
743 2990 781 3039 ef·
819 2996 904 3037 mater
920 2988 1032 3037 Neronia
1051 2994 1154 3051 petrem
1172 2985 1343 3037 Germanicum

250 3062 324 3127 ugias
345 3065 466 3115 collocari
493 3066 519 3115 in
543 3064 606 3114 solio
624 3064 708 3125 doris,
730 3079 781 3128 quo
821 3071 849 3114 et
858 3067 973 3114 Drusum
984 3079 1059 3113 avum
1074 3064 1177 3124 habuit,
1189 3063 1232 3127 qui
1249 3059 1342 3111 Claudii

250 3152 342 3202 nempe
354 3140 410 3202 ipse
421 3141 455 3192 Ju
476 3134 654 3195 iter'eederet?
820 3147 906 3202 erant,
914 3140 975 3189 dein
984 3147 1011 3189 et
1019 3140 1161 3202 adoptione
1170 3137 1271 3190 Claudii
1280 3135 1343 3199 prin-

282 3216 441 3283 lCopilolini
457 3156 536 3277 grou]
565 3216 638 3265 Jovis
656 3213 780 3277 ternplum
820 3215 895 3278 cipio.
1215 3277 1218 3282 ⁴

249 3286 299 3338 fuit
309 3288 336 3337 iu
347 3296 435 3339 monte
444 3288 601 3353 Capitolino,
613 3296 641 3339 et
651 3290 678 3339 in
687 3296 781 3339 octava
852 3288 1033 3352 vammum,
1041 3290 1183 3339 renuntiator
1190 3289 1294 3337 lroaerem
1300 3284 1342 3335 nt-

249 3364 356 3427 regione
377 3364 470 3413 Romae
491 3364 611 3429 autiquae.
653 3364 780 3414 Nonnulli
819 3366 866 3428 σα]
883 3365 973 3426 Ideat,
986 3366 1088 3429 quidam
1101 3365 1247 3413 adulatione
1266 3360 1340 3421 magis

249 3438 359 3488 eredunt
376 3438 464 3501 fuisse,
484 3439 527 3487 ubi
543 3452 610 3487 nune
621 3438 713 3487 visitur
729 3440 779 3487 Ec·
819 3446 897 3504 'quam
912 3454 975 3487 vero
994 3439 1103 3503 judicio,
1119 3438 1262 3500 Augustum
1280 3434 1340 3501 Pop·

249 3512 329 3561 cleaia
344 3519 373 3562 et
389 3515 537 3563 Conventus
554 3512 632 3575 vulgo
649 3511 682 3560 ab
705 3511 779 3562 Italia
819 3530 903 3577 paeam
915 3515 1027 3563 Neronia
1043 3512 1123 3562 filiam
1137 3519 1263 3562 mortuam
1278 3509 1340 3556 iuter

249 3588 345 3650 dictur,
357 3589 434 3638 Senta
447 3590 527 3637 Maria
538 3588 564 3636 di
572 3588 622 3636 Aru
635 3588 695 3648 Geli,
706 3588 731 3636 in
742 3604 779 3637 re·
818 3590 897 3639 Divos
908 3587 1070 3638 referendam
1081 3589 1232 3648 censebant,
1243 3590 1271 3633 ut
1280 3582 1339 3632 eole-

246 3663 318 3723 gioae
336 3662 478 3725 Campitelli.
502 3662 570 3710 Vide
591 3663 697 3711 Romam
714 3662 779 3711 euti·
817 3656 1337 3727 bantimperatoresreserreeiqueaedem

250 3750 327 3801 quam
337 3736 447 3786 Nardini
459 3738 476 3786 l·
484 3752 511 3805 v·
523 3752 545 3785 c·
555 3742 595 3786 14·
620 3736 778 3791 Quonim·
818 3754 918 3792 eaerum
930 3738 1054 3787 constitui
1071 3738 1178 3800 debere,
1194 3742 1221 3787 et
1230 3728 1337 3783 sacerdo·

281 3811 425 3874 fernme]
438 3812 632 3861 Circenseeediti
641 3827 688 3874 pro
696 3812 779 3861 salute
818 3822 868 3865 tes.
895 3816 1015 3877 Lupum.

248 3890 375 3939 Neronia:
399 3892 437 3939 aie
455 3891 553 3953 etipse
571 3889 642 3938 Nero
660 3889 780 3939 ediderat
851 3890 973 3952 Honorem
989 3890 1074 3953 Diae]
1109 3888 1185 3941 Quod
1209 3880 1336 3934 norumel

252 3966 316 4029 ‘pro
329 3966 430 4015 Claudii
447 3968 530 4015 salute
547 3966 681 4015 Circenses
697 3973 725 4014 et
735 3980 778 4013 ve·
819 3966 961 4017 inauditum
976 3966 1002 4014 in
1018 3963 1071 4014 tilio
1086 3980 1132 4014 eeu
1147 3963 1203 4012 filio
1214 3953 1335 4024 prineipila

248 4039 380 4089 nationem
390 4040 406 4099 ς’
424 4046 492 4089 teste
505 4040 611 4089 Sueton.
624 4042 688 4089 Ner.-
699 4045 724 4091 7.
817 4042 871 4092 Soli
880 4042 948 4091 enim
966 4041 1096 4104 principer
1106 4041 1172 4089 coelo
1183 4034 1266 4102 dicati,
1280 4029 1334 4079 ⁵⁰¹⁸

284 4116 405 4179 Circense]
422 4117 524 4169 Libat.
533 4130 557 4166 c.
563 4120 604 4165 45.
612 4115 657 4165 ubi
667 4118 700 4166 de
708 4116 778 4166 Circo
816 4125 913 4167 matres
924 4122 972 4165 aut
985 4115 1051 4165 aviae
1068 4114 1245 4178 imperantium
1255 4116 1334 4190 rome·

226 4191 363 4242 mim.
817 4199 896 4243 cratae
912 4192 1045 4243 hactenus.
1076 4186 1331 4248 Sedaduiatiomgu
