2984 4850
234 400 321 466 1846
599 416 632 461 c.
656 413 837 461 conuenit
861 413 988 461 rantur
1168 419 1261 484 [t,u.
1278 423 1335 472 sm.

235 558 385 622 diversas
399 556 487 638 sugae
502 564 638 619 causas¹
653 555 879 633 obtendentes
903 558 1029 621 ‘redire
1046 559 1088 622 ad
1104 560 1202 642 signa
1215 565 1249 624 et
1270 562 1336 624 cle-

234 660 391 724 mentiam
407 657 495 721 Pasti
509 657 662 739 experiri’
683 657 882 733 monebat,‘
894 677 929 720 se
950 659 1015 720 nisi
1029 661 1239 724 victoribus
1229 663 1336 724 immi·

88 801 192 863 ,ΑΝ
149 769 301 840 ¹ptem
320 760 431 823 esse.'·
475 759 581 822 Simul
605 777 685 822 suas
706 759 853 838 legiones
878 759 977 836 adire,
1000 761 1172 837 hortari,‘
1158 761 1338 863 Apriorum’

236 861 460 937 admonere,‘
472 881 593 925 novam
608 858 756 944 gloriam’
775 859 999 924 ostenderez‘
1008 881 1072 924 non
1094 813 1189 926 vicos
1204 868 1263 925 ant
1278 883 1337 946 op·

235 963 316 1046 pida
329 962 571 1037 Armeniorum,
594 961 652 1024 sed
674 967 781 1048 castra
797 961 963 1039 Romana,
981 962 1154 1046 duasque'
1145 983 1180 1025 ιιι
1203 965 1245 1026 iis
1259 965 1338 1046 legi

236 1082 316 1126 ones
331 1067 466 1146 pretium
482 1065 604 1126 laboris
618 1062 699 1144 peti.
743 1061 781 1124 Si
805 1063 942 1143 singulis
967 1065 1230 1146 manipularibus
1251 1085 1338 1148 prae-

237 1165 349 1246 cipua²
363 1166 485 1227 servati
510 1165 608 1226 civis⁸
629 1181 753 1226 corona
776 1151 996 1246 lmpeiatoria
1016 1151 1114 1227 m'dnu
1135 1167 1337 1244 tribueretur,

237 1266 327 1347 quod
341 1266 440 1328 illud4
453 1273 487 1328 et
501 1270 662 1347 quantum
677 1264 793 1394 decus,
809 1267 867 1328 ubi
881 1285 942 1346 par
952 1285 1067 1330 eorum
1081 1287 1233 1330 numerus
1247 1269 1336 1351 apis·

237 1446 331 1494 mititioe
341 1453 472 1508 pretextae
482 1447 742 1508 obtendereat‚jodebot
754 1449 869 1496 reverti
863 1463 888 1496 ιιι
906 1456 1002 1510 castra,
1011 1457 1039 1498 et
1050 1450 1183 1498 lenitatem
1201 1447 1274 1496 ducis
1286 1452 1341 1494 teu·

238 1516 305 1570 tare,
317 1525 345 1558 se
357 1526 406 1558 ιιοιι
420 1511 467 1558 nisi
481 1513 624 1559 victoribus
642 1512 795 1560 clementem
813 1527 878 1560 esse.
915 1514 1046 1576 Eodemque
1064 1518 1166 1575 tempore
1175 1527 1230 1560 sans
1239 1512 1341 1572 legiones

236 1575 371 1634 accudere,
388 1575 497 1638 incitare,
514 1576 626 1637 priorem
644 1577 756 1624 inditium
776 1576 927 1638 gloriamque
945 1593 1132 1635 commorare,
1150 1591 1245 1625 novum
1264 1575 1341 1624 decus

237 1642 368 1694 ostentare5
385 1654 435 1686 nou
449 1655 537 1701 pagos,
548 1647 591 1688 arrt
604 1641 680 1687 urbes
696 1640 885 1698 Armeniorum,
896 1641 941 1688 sed
959 1649 1041 1691 castra
1056 1643 1170 1690 Romana
1172 1639 1321 1703 ,duasque
1316 1652 1340 1686 ιιι

237 1701 269 1749 iis
281 1674 405 1765 legiones,
417 1703 557 1778 praemium
560 1704 732 1764 expeditionis
751 1705 814 1767 peti.
848 1705 875 1753 Si
894 1705 1088 1754 cuilibetrniliti
1100 1706 1217 1769 gregario
1236 1705 1341 1752 daretur

237 1765 288 1840 ipsa
299 1781 376 1815 mann
389 1768 470 1828 ducis,
481 1768 576 1816 eximia
584 1768 618 1816 ob
634 1774 763 1818 seranum
775 1770 857 1818 civem
873 1784 984 1829 corona3
1002 1785 1059 1834 quae
1071 1770 1126 1832 illa,
1138 1777 1165 1843 et
1182 1777 1280 1843 quanta
1291 1768 1343 1830 glo·

239 1829 284 1891 ria,
294 1829 336 1879 ubi
347 1846 396 1894 par
406 1847 526 1880 nutrieras
536 1847 635 1893 eorum,
647 1833 692 1896 qui
703 1834 813 1882 salutem
826 1833 957 1883 dedissent
975 1842 1001 1882 et
1013 1850 1091 1884 eorum
1108 1833 1152 1898 qui
1170 1832 1343 1896 accepissent,

239 2060 287 2103 -4
305 2055 427 2105 Illudcrse
442 2063 466 2107 et
483 2059 547 2108 Cod.
560 2059 671 2122 Aga-5
690 2059 838 2123 (Brotierus
857 2075 914 2108 cum
927 2059 1042 2108 Homero
1058 2059 1136 2109 habet
1147 2053 1344 2122 adipisceretur.)

738 2188 845 2238 NO'l'AE

238 2289 392 2344 castrorum,
403 2284 444 2331 vel
456 2282 535 2332 etiarn
554 2285 619 2333 alins
635 2285 718 2332 minor
726 2299 771 2346 pro
812 2282 866 2330 dire
878 2282 904 2330 in
915 2291 1001 2332 castra
1008 2282 1163 2342 debuerunt,
1174 2280 1220 2330 sed
1231 2279 1343 2342 perculsi

238 2361 317 2421 legato
334 2368 400 2423 erat,
412 2359 525 2425 jubente
535 2361 611 2422 duee,
620 2366 708 2422 atate,
725 2365 771 2409 aut
811 2360 1017 2422 desperaverant
1044 2359 1077 2406 de
1104 2359 1188 2406 salute
1214 2357 1343 2418 legionum

238 2434 314 2483 fama.
812 2438 886 2485 Rom.
920 2438 1014 2501 Sicqne
1029 2436 1133 2499 fugaces
1152 2444 1180 2485 et
1198 2435 1279 2483 veluti
1298 2434 1343 2482 de·

272 2510 482 2560 lutraboclibro
499 2526 556 2574 cap
571 2516 635 2560 29.ι
647 2511 771 2559 Viviaans
812 2520 924 2562 sertores
941 2522 1027 2561 eraut:
1046 2512 1203 2561 deserebant
1221 2511 1344 2573 legiones,

239 2585 339 2634 Annius
363 2602 444 2648 gener
465 2586 631 2648 Corbulonis,
659 2588 772 2635 nondum
813 2588 905 2653 quibus
917 2604 1012 2651 negare
1024 2604 1099 2653 opem
1111 2602 1167 2635 sme
1179 2584 1280 2649 flagitio
1295 2599 1343 2633 ιιοιι

240 2662 370 2709 senatoria
385 2669 474 2724 aetate,
484 2664 530 2710 sed
542 2678 589 2725 pro
600 2664 687 2725 legato
698 2663 772 2727 quin·
813 2672 942 2730 poterant.

240 2744 275 2783 ta.
287 2736 549 2798 legioniimpositus!
844 2748 855 2783 t
884 2740 916 2790 Sc
936 2740 983 2789 atei
1004 2738 1132 2787 uictoribus
1151 2737 1267 2785 immitem
1286 2734 1344 2795 este]

206 2836 211 2843 ·
272 2812 383 2859 Pretium
398 2812 529 2874 primipili]
545 2813 596 2863 Qui
613 2812 771 2862 hauddubie
812 2817 946 2867 Suadebat
967 2815 1080 2865 Corbulo
1100 2812 1226 2860 militibus
1246 2812 1346 2859 clemen·

240 2891 340 2940 locatus
356 2898 414 2938 erat
425 2890 452 2937 in
462 2889 539 2937 Tauri
550 2890 626 2953 jugo,
641 2896 668 2937 et
684 2888 772 2951 profli·
813 2894 874 2941 tr'am
887 2892 951 2941 Preti
962 2890 1079 2953 experiri:
1096 2889 1159 2937 licet
1174 2887 1243 2935 enim
1259 2886 1303 2950 qni
1319 2886 1345 2933 iu

240 2973 315 3030 gatus
336 2974 393 3015 erat
412 2967 445 3015 ab
462 2967 551 3031 equite
569 2966 702 3014 Parthico.
742 2966 770 3013 Is
812 2968 881 3016 bello
901 2968 1060 3025 deseruerat,
1071 2966 1159 3027 capite
1181 2962 1268 3025 puniri
1284 2964 1346 3010 sole·

239 3046 309 3095 forte
321 3055 432 3109 preerat
445 3045 526 3094 tribus
537 3045 577 3092 bis
586 3043 703 3106 peditum
716 3044 771 3091 nril-
813 3052 862 3107 ret,
870 3044 956 3107 potuit
968 3050 1054 3091 tamen
1064 3054 1091 3088 se
1103 3036 1227 3098 offerens,
1236 3052 1269 3087 ex
1277 3037 1346 3086 edic-

240 3123 307 3171 libus
326 3138 356 3171 eo
373 3131 461 3171 moute
482 3122 625 3185 dispositis,
639 3129 685 3170 aut
703 3122 772 3183 parti
815 3127 841 3169 to
870 3118 1019 3169 Germanici
1047 3114 1166 3179 Caesaris,
1191 3113 1345 3162 desertionis

239 3200 363 3261 ipsorum,
381 3197 449 3246 forte
466 3198 537 3263 rpilte
558 3198 709 3255 vexillariis,
723 3212 772 3247 neo
814 3210 916 3258 prunam
936 3195 1044 3255 evitare,
1064 3199 1092 3241 et
1110 3206 1144 3241 ex
1162 3191 1246 3253 prima
1261 3190 1346 3238 deser·

241 3274 356 3323 redierat
368 3274 392 3321 in
405 3281 493 3322 castra
511 3275 649 3334 legionum,
668 3274 712 3321 sed
726 3288 773 3337 per
814 3273 894 3332 tione,
905 3271 999 3319 rnilitioe
1012 3269 1129 3327 restitui;
1147 3265 1226 3314 Arrio
1238 3265 1345 3313 Meuan-

241 3348 313 3396 avios
339 3355 441 3396 montes
468 3347 621 3406 abscedens,
649 3348 773 3410 reliquias
814 3346 905 3395 droin
926 3344 1212 3393 Militaribusauetore.
1250 3342 1346 3391 Vertrc·

240 3422 323 3471 cladis
343 3423 495 3484 collegerat,
513 3421 601 3484 sicque
617 3428 676 3469 ante
694 3429 772 3484 turpe
813 3424 876 3471 rrius.

239 3498 322 3547 foedns
342 3499 434 3547 initum
453 3513 512 3548 cum
532 3498 648 3559 Parthis,
663 3505 690 3547 et
702 3500 773 3562 prior
846 3506 856 3530 ²
875 3497 1012 3560 Praecipua]
1030 3493 1132 3545 Eximio
1149 3508 1180 3542 ac
1196 3494 1346 3555 precellens

240 3573 408 3622 adventabat.
814 3574 899 3623 omnia
918 3573 986 3621 dona
1005 3570 1137 3630 militaria,
1154 3575 1182 3619 et
1199 3583 1258 3633 quae
1277 3575 1347 3617 certe

273 3656 286 3680 ¹
304 3647 483 3709 Fugaecaasar]
496 3647 773 3712 Nonquodfortede·
814 3664 916 3699 omnem
943 3648 1041 3697 militiae
1065 3646 1172 3709 gloriam
1198 3650 1349 3707 superaret:

240 3727 381 3777 reruiment
393 3726 477 3788 sigua,
488 3733 533 3774 aut
552 3739 567 3774 e
587 3726 679 3774 castris
691 3727 771 3790 legio·
812 3727 871 3775 binc
884 3738 991 3774 coram
1006 3723 1105 3771 ιὶιιίιιιιιι
1119 3721 1168 3770 sibi
1187 3721 1344 3784 potissimam

239 3818 302 3853 num
313 3802 457 3863 fugisseut3
474 3802 518 3849 sed
536 3803 598 3864 quia
609 3802 772 3851 circumsessi
813 3815 969 3864 arrogavere
990 3801 1118 3856 Cesarea,
1141 3810 1250 3860 eamque
1271 3808 1349 3857 supra

240 3879 394 3940 ttPartbis,
413 3893 440 3927 se
462 3877 628 3937 dediderant,
650 3887 696 3928 aut
721 3886 773 3928 sta-
813 3879 937 3941 palatium
949 3883 1075 3926 statuere.

241 3958 325 4007 tiones
346 3964 373 4004 et
395 3954 526 4018 praesidia,
546 3954 637 4017 quibus
659 3956 773 4019 impositi
846 3954 973 4003 Attamen
982 3953 1061 4003 etiarn
1071 3958 1125 4000 tum
1138 3948 1248 4014 privatis
1260 3958 1350 3996 eonce-

241 4032 622 4102 erantaPoeto,desernerant,
632 4033 726 4094 partim
739 4048 773 4097 vr,
814 4034 939 4083 debatur.
958 4046 1017 4079 nam
1036 4028 1103 4077 intra
1122 4022 1348 4075 xvr.15.0sto

241 4112 336 4174 partim
346 4118 430 4161 meta.
815 4109 867 4157 rius
883 4107 1012 4157 ‘civicam
1029 4118 1149 4154 coronam
1161 4101 1231 4166 apud
1248 4099 1349 4149 Britan·

275 4188 343 4237 Nam
356 4202 402 4237 rex
413 4188 438 4237 ci
446 4188 775 4250 andabatarum,
815 4184 883 4233 niam
899 4181 1025 4234 meritos?

242 4265 385 4323 heim
395 4265 502 4331 οὗιιὶιιίι,
512 4268 553 4329 ee.
565 4266 610 4332 qui
630 4273 716 4316 tamen
736 4279 776 4314 re·
786 4282 790 4287 ¹
