2984 4850
222 394 310 461 1990
575 410 609 456 0·
630 408 815 457 contentu
839 408 968 457 'raclii
1004 400 1009 411 ¹
1158 414 1205 481 [A.
1217 416 1252 467 U.
1263 422 1322 468 alo.

222 552 499 629 commodavisse,
523 558 580 616 ant
594 552 763 631 Pisonem,
783 558 898 617 notum
912 568 1023 617 amore
1037 553 1164 630 uxorin,
1180 554 1238 619 elii
1252 575 1323 620 ma·

221 655 376 718 trimcnic
390 653 680 721 seobstrinxissc:
700 656 766 717 nisi
780 656 838 717 si¹⁰
852 655 975 737 cupido
987 653 1179 718 dominandi
1194 656 1328 721 cunctis*

222 753 395 819 affectibus
410 754 603 835 flagrantior
615 760 677 817 est.
1172 722 1190 787 i
1196 768 1240 843 pp
1252 784 1320 847 sp...

263 855 319 919 54.
341 854 407 918 Sed
422 852 563 932 mirum,k
577 852 688 938 ἰιιιιιιιιι
700 857 782 947 inter
797 855 921 919 diversi
937 857 1073 935 generis,
1089 856 1224 933 ordinist,
1241 861 1332 921 aeta-·

220 955 274 1033 tis,
289 966 403 1033 sexus,
418 955 515 1034 dites,
532 976 697 1039 pauperes
712 958 930 1021 taciturnitate
949 957 1060 1020 omnia
1076 957 1224 1021 cohibita
1239 958 1322 1036 sint;

221 1055 327 1121 donec
350 1057 495 1139 proditio
509 1058 634 1139 coepit¹¹²
656 1057 790 1121 edomo
805 1056 957 1121 Sccvini:
980 1060 1043 1140 qui
1061 1058 1168 1139 pridie
1183 1057 1321 1123 insidia·

220 1177 293 1221 rum
311 1160 413 1223 multo
437 1179 587 1226 sermone
609 1179 686 1223 cum
710 1158 869 1223 Antoni0⁰
896 1159 1031 1237 Natale,
1055 1160 1132 1224 dein
1153 1178 1322 1242 regressus

219 1342 409 1398 meromontem,
424 1343 462 1389 oei
473 1341 583 1389 Pmonem
592 1341 709 1402 insignem
717 1340 828 1403 cupidine
838 1339 952 1401 coniugis,
970 1339 1027 1388 aliis
1039 1340 1131 1403 neptiis
1145 1356 1171 1390 se
1181 1340 1323 1403 devinxisse,

219 1405 267 1452 rrier‘
276 1405 297 1451 si
308 1403 378 1454 forte
389 1406 520 1467 imperandi
529 1404 601 1452 libido
611 1406 701 1453 ennam
709 1405 878 1467 cupiditatibus
887 1406 920 1452 sit
930 1405 1094 1453 vehementior.

251 1468 300 1516 Sed
309 1469 408 1529 digram
425 1470 583 1517 admiratione
595 1470 638 1528 rit,
655 1474 743 1531 prosto
753 1468 848 1516 eiterrno
859 1474 943 1517 nocto
954 1483 1083 1532 compresso
1093 1468 1152 1529 siet,
1167 1470 1230 1518 irater
1240 1468 1321 1518 homi·

117 1574 121 1583 .
219 1546 265 1580 nes
275 1532 375 1580 dioersoe
386 1533 536 1590 conditionis,
551 1534 688 1593 diffidam,
704 1534 792 1593 etatis,
808 1547 889 1592 sem,
901 1534 996 1591 diriter,
1012 1533 1110 1595 inopeer
1125 1536 1197 1581 donec
1206 1538 1325 1583 notescere

218 1609 257 1673 rep
266 1596 336 1658 erepit
350 1611 364 1645 e
377 1596 501 1658 pmntiior
518 1596 627 1645 &erinis
642 1599 684 1659 poi
701 1598 741 1644 die
754 1599 902 1659 precedente
913 1595 1021 1659 sociem,
1037 1599 1106 1659 longo
1117 1598 1205 1647 habito
1216 1612 1322 1646 sermore

681 1714 828 1734 OOONO‘NO
829 1716 859 1734 Ν

219 1796 284 1845 Mae.
299 1796 367 1860 lieg.
379 1797 457 1847 Corb.
469 1804 497 1846 et
515 1797 594 1848 editio
607 1796 738 1862 princeps.
772 1796 837 1845 Mes.
854 1796 930 1845 Harl.
947 1796 1024 1845 Bodl.
1038 1796 1095 1871 Jes.
1107 1801 1135 1844 et
1155 1795 1324 1858 Puteolanus,

218 1860 296 1919 isone,
311 1861 409 1937 eatipei
420 1862 557 1912 deterrimo.
593 1862 643 1911 lte.
656 1860 721 1925 Agr
738 1860 1027 1923 econjecturaeruditi
1043 1874 1100 1923 vrrr,
1111 1866 1141 1909 ut
1153 1859 1322 1923 videtur,

219 1924 284 1974 mosi
295 1927 362 1989 spei,·
377 1926 447 1990 quod
457 1926 571 1990 llyclsim
582 1926 693 1989 recepit.
695 1928 761 1972 -le
777 1924 807 1973 nt
817 1924 889 1973 abest
900 1940 916 1973 a
928 1924 978 1973 Ms-
990 1925 1056 1987 Reg.

719 2071 826 2123 NOTAE

217 2200 310 2237 nomen
335 2183 458 2235 Antoniae
479 2185 576 2234 velut
569 2199 646 2233 inane
670 2183 750 2232 snbsi·
790 2184 814 2233 le
833 2187 919 2247 plane,
936 2183 1003 2249 quod
1027 2184 1183 2234 Claudianus
1204 2184 1322 2255 miratur,

218 2261 290 2310 dium
312 2261 345 2309 ad
365 2261 443 2309 talem
463 2274 544 2323 apem.
577 2261 626 2309 Vel
643 2260 704 2323 quia
721 2260 749 2309 id
789 2260 981 2323 conspiratione
1001 2258 1131 2309 militari
1124 2273 1152 2307 ιιι
1173 2256 1320 2308 Rudinum.

217 2350 269 2386 nou
280 2335 403 2399 cupiebat
412 2335 543 2396 Antonia3
559 2350 619 2384 nam
628 2340 657 2385 et
676 2349 749 2385 recu
789 2337 866 2386 ‘Nec
879 2338 1012 2401 quisquam
1025 2338 1138 2387 tantade
1150 2338 1227 2401 plebe
1235 2352 1323 2402 repar·

218 2413 285 2463 sarit
295 2412 406 2462 Neronis
415 2411 527 2475 nuptias.
789 2419 841 2472 tus,
860 2413 991 2465 Proderet
1005 2414 1114 2466 incautis
1126 2429 1170 2478 qur
1163 2414 1262 2466 'corda
1278 2414 1324 2466 mi·

250 2490 350 2537 leonem
360 2490 394 2538 od
402 2487 477 2550 rpem]
494 2488 538 2538 0b
550 2503 663 2538 amorem
675 2487 749 2536 Piso·
789 2491 878 2540 nantia
895 2492 990 2541 verbis.
1024 2494 1153 2545 Quoenon
1174 2495 1322 2556 posteritas,

217 2565 258 2614 nis
275 2567 302 2614 in
314 2567 448 2629 conjugem
458 2583 465 2626 ;
482 2565 549 2616 forte
560 2567 639 2616 etiam
650 2565 684 2615 ob
695 2580 749 2614 mn·
789 2581 846 2631 qnae
858 2582 910 2617 non
921 2567 1059 2617 mirabitur
1069 2578 1132 2618 aetas
1149 2569 1229 2617 'l'anti
1240 2569 1323 2618 consi·

216 2641 372 2690 tabilitatem
389 2642 574 2690 dominantium
591 2656 622 2690 ac
634 2640 749 2690 domina·
789 2643 851 2691 lium
864 2643 933 2705 vulgi
954 2643 1172 2705 pertinentem,
1190 2641 1247 2693 Aut
1258 2643 1322 2693 iaci·

215 2715 325 2764 tionum.
341 2707 750 2786 thuierarofanstaeaceepta,
789 2734 835 2768 nnn
857 2727 910 2769 tam
931 2718 1030 2782 grande
1052 2718 1107 2782 tegi
1116 2717 1133 2767 i’
1179 2719 1214 2768 Et
1237 2719 1322 2782 plara,

217 2804 276 2840 raro
294 2789 382 2840 felicia
398 2792 562 2841 matrimonia
578 2793 747 2854 principalia3
789 2809 846 2858 qnae
856 2795 936 2844 addit.
953 2794 1057 2858 Lipsiae

217 2871 245 2916 et
266 2881 323 2930 quae
341 2865 449 2915 ambitio
458 2867 597 2926 contraxit,
615 2866 666 2915 alla
674 2867 746 2929 cupi·
821 2871 827 2904 ¹
845 2872 936 2934 Qrtam]
959 2871 1040 2922 Refer
1063 2871 1096 2920 ad
1112 2870 1141 2920 ri
1159 2871 1258 2933 diversi,
1281 2873 1322 2922 rel

216 2943 250 2992 do
262 2948 308 2990 aut
318 2941 399 2990 libido
409 2939 488 2990 facile
503 2940 628 2989 dissolvit.
660 2941 746 2990 Etiam
787 2949 874 3012 potius
885 2949 917 2997 ad
928 2949 1103 2998 tnoimmttore.
1127 2947 1170 2997 Sie
1181 2962 1253 3009 poem
1265 2961 1321 3011 pro,
1343 3003 1346 3008 ¹

216 3018 329 3068 simulet
345 3017 474 3068 snbvertit
489 3015 644 3066 ambitioni!-
675 3017 745 3067 Quid
787 3031 892 3087 quanta,
900 3025 1028 3072 intortam
1037 3022 1134 3072 diversi
1144 3021 1256 3084 generis.
1274 3021 1324 3072 l'el

216 3094 384 3158 liipaicratra
410 3095 455 3142 illa
482 3092 654 3154 Mithridatis,
683 3093 747 3142 licet
787 3104 977 3161 pro,quantum
989 3097 1106 3147 collinita
1120 3097 1181 3146 sint.

214 3171 307 3231 ingens
317 3170 396 3218 animi
406 3168 530 3234 fideique,
545 3175 573 3218 et
588 3168 671 3218 forma
683 3184 747 3232 pre·
818 3181 837 3206 ¹¹
854 3174 938 3222 Donec
946 3172 1052 3236 proditio
1062 3171 1144 3236 repit]
1161 3172 1320 3222 Plutarchus

215 3245 329 3293 cellone?
344 3244 415 3307 quid,
435 3243 485 3293 nisi
498 3245 590 3293 'multis
601 3252 628 3293 et
648 3246 747 3308 magnis
787 3249 875 3298 libello
897 3249 930 3298 de
952 3248 1125 3308 Gerrnlitate,
1146 3247 1223 3310 longe
1242 3247 1322 3298 aliter

216 3320 340 3383 periculis
361 3319 518 3369 nobilitata?
550 3321 612 3384 qnid
644 3322 748 3371 statilia
787 3324 1150 3387 elatametapertamnarrat
1165 3323 1321 3388 conjuratio

216 3396 376 3458 Messallina,
402 3403 443 3445 tot
465 3397 632 3446 matrimoniis
652 3399 747 3460 prinei·
788 3413 855 3448 nem.
871 3398 967 3448 sedne
977 3399 1025 3448 tibi
1037 3398 1163 3464 imponat,
1174 3413 1226 3448 non
1235 3400 1320 3450 irtam.

216 3486 278 3536 pum
296 3471 401 3532 ambite,
414 3472 476 3535 quid
490 3472 537 3520 nisi
547 3473 640 3520 melam
650 3471 745 3522 famam
784 3476 892 3539 Duplex
916 3476 984 3524 eninr
1006 3475 1033 3524 in
1053 3476 1183 3525 Neronem
1199 3477 1321 3539 conjura·

215 3548 326 3609 lucrata,
343 3553 372 3596 et
382 3547 521 3596 invidiam?
785 3551 833 3610 tio,
849 3550 1001 3611 Pisoniana,
1013 3558 1041 3599 et
1051 3550 1196 3613 Viniciana,
1214 3558 1244 3601 ut
1261 3565 1320 3602 atre·

246 3621 255 3667 t
278 3620 419 3683 Antoniam]
453 3623 528 3684 Quae,
548 3629 578 3672 ut
599 3629 673 3685 puto,
691 3630 746 3673 turn
787 3625 944 3674 torSueton.
956 3640 979 3676 c.
991 3629 1046 3675 dd:
1064 3624 1269 3674 edVinicianam
1280 3641 1319 3676 er·

216 3699 281 3749 nulli
297 3699 391 3748 marito
401 3699 494 3761 juncta
506 3705 573 3758 erat,
591 3706 618 3748 et
630 3699 745 3762 quamvis
787 3715 819 3763 go
829 3698 900 3748 refer
908 3699 952 3748 illa
964 3699 1107 3748 Plutarchi.
1125 3701 1230 3763 Βίριίιιι.

215 3781 294 3833 esset,
310 3773 397 3837 potuit
414 3765 501 3822 tamen
518 3774 588 3822 illam
608 3773 746 3836 abducere,
818 3781 830 3806 ¹²
855 3775 934 3822 Multo
954 3789 1060 3824 sermone
1078 3791 1130 3824 eom
1148 3776 1265 3838 detorsio]
1292 3775 1320 3826 Si

216 3851 261 3914 qui
280 3849 452 3913 imperitaret,
473 3849 579 3912 quaele
600 3848 746 3912 Republica
787 3858 862 3901 extra
873 3852 975 3900 domum
993 3853 1036 3900 ille
1052 3866 1146 3914 sermo,
1167 3863 1195 3900 et
1213 3851 1319 3902 aliunde

215 3931 294 3987 esset,
314 3923 387 3972 etin
407 3923 530 3985 speciem,
551 3926 622 3987 queri
641 3923 747 3974 familie
786 3943 905 3990 regresm
915 3930 1008 3978 domurn
1028 3929 1061 3976 sit
1079 3928 1215 3988 Scevinus,
1236 3934 1267 3977 ut
1283 3928 1320 3976 in·

215 3999 317 4049 Claudii
329 4000 510 4048 restitueretur
522 4000 691 4066 principatus,
698 4016 747 4066 per
787 4018 865 4053 nuere
877 4003 980 4053 videtur
987 4003 1102 4064 Tacitus,
1114 4003 1181 4053 unde
1194 4003 1263 4052 scire
1274 4017 1320 4067 po·

215 4075 334 4140 injuriam
345 4083 373 4126 et
384 4075 548 4139 parricidium
559 4078 670 4129 ablatus.
788 4081 838 4131 tuit
861 4079 955 4130 famula
974 4081 1018 4128 illa
1035 4079 1148 4139 Scerini,
1169 4093 1229 4142 quar
1252 4093 1318 4128 uxor

248 4149 260 4185 ἱ
275 4153 324 4203 Sol
335 4152 433 4216 mirem]
450 4153 531 4203 Certe
548 4154 650 4216 mirum,
667 4157 694 4205 in
707 4159 745 4206 lu·
785 4157 886 4206 Milichi
897 4163 925 4205 et
936 4156 1039 4206 eosdem
1054 4163 1162 4218 penates
1181 4153 1321 4214 habitarit,

215 4225 286 4276 brico
298 4234 326 4276 et
336 4230 448 4293 praepeti
457 4230 507 4281 hoc
517 4234 650 4285 sermonis.
672 4234 747 4284 Simi·
785 4232 888 4284 Scevini
906 4245 1009 4295 nempe,
1025 4231 1109 4296 ipsum
1124 4229 1247 4280 habuisse
1263 4229 1318 4282 lon·
