2984 4850
253 330 341 401 1786
567 313 623 391 o.
647 340 832 393 conunnrr
856 340 983 389 reem
1183 343 1276 408 [eo.
1292 348 1353 395 ero.

254 487 336 553 sorte
362 488 420 551 aut
443 490 475 549 te
488 483 647 550 vitellios
669 487 721 547 ter
744 480 896 559 Constrli,
918 487 978 546 aut
999 499 1054 543 me
1076 478 1237 546 claudius
1260 485 1355 564 post-

255 589 377 673 ponis.¹
422 586 501 666 Sed,
516 583 862 670 quantum²v01nsio³
877 585 976 665 longe
994 582 1213 666 parcimonie¹
1228 580 1356 665 quaesi·

256 769 362 833 consuli,
369 774 414 819 ent
422 783 462 818 me
471 768 580 819 Claudio
590 769 689 819 Cereri
723 766 775 817 Sed
786 770 908 831 qnantum
920 763 1044 814 diuturne
1053 736 1188 826 frngnlites
1198 758 1362 826 peruritVo-

718 926 895 951 ”mem

292 1048 305 1093 l
322 1041 367 1092 Ite
377 1042 441 1092 Mes.
451 1040 522 1092 Pleu.
529 1042 737 1107 Reg.-Vitioseln
745 1045 802 1094 eliis
812 1042 916 1107 seriptis
922 1049 950 1090 et
958 1037 1035 1090 editio
1041 1035 1124 1097 libris,
1132 1034 1295 1099 preposient
1301 1031 1360 1095 jun

258 1106 359 1171 pridem
377 1108 476 1157 monuit
493 1108 605 1171 Lipsius.
630 1110 739 1161 Brotier.
771 1110 808 1160 Et
824 1106 972 1158 Gronovius
991 1110 1019 1153 et
1037 1100 1153 1167 Ryekius
1171 1104 1276 1148 servunt
1296 1110 1362 1159 με·

256 1170 383 1234 ponis-2
400 1171 512 1221 Omnino
528 1172 728 1234 emendandum,
747 1175 784 1222 σοι
799 1177 922 1235 numeru,
939 1174 984 1218 eut
995 1172 1030 1229 et,
1048 1167 1088 1215 nti
1099 1164 1205 1213 volebat
1216 1160 1362 1211 Acidaliae.

260 1237 398 1298 Repugnat
410 1236 487 1297 eninr,
497 1238 546 1284 sed.
580 1236 613 1285 lu
624 1238 689 1286 Mes.
700 1238 775 1287 Harl.
787 1238 864 1286 Bodt.
873 1238 928 1288 Jee.
939 1247 988 1296 pro
1002 1232 1044 1279 sed
1059 1233 1171 1292 questus
1180 1227 1277 1290 legitur
1287 1226 1330 1275 ud
1341 1224 1364 1271 ei

211 1304 217 1309 “
259 1314 314 1363 quo.
347 1300 511 1351 Erotion—³
526 1300 656 1353 InVetie.
674 1308 826 1353 constanter
841 1300 963 1351 eoribitnr
983 1296 1103 1345 Votum:
1123 1298 1151 1343 et
1168 1292 1206 1341 eie
1223 1290 1267 1341 ed.
1285 1303 1364 1355 pr.-

755 1466 868 1533 uorn
920 1428 923 1431 ’

252 1584 269 1647 ,‘
280 1580 385 1635 Quodsi
396 1579 793 1644 iprisvolnptutibusbonnoetss
831 1578 934 1644 imperii
950 1582 979 1627 et
992 1572 1157 1626 liberalitem
1173 1571 1259 1637 spatie
1277 1568 1367 1633 ingre·

262 1656 357 1709 fruitur
377 1656 518 1717 lubentius,
546 1657 656 1719 primum
677 1657 792 1721 parvulis
832 1656 900 1719 dior,
916 1662 946 1706 et
965 1661 1011 1705 tue
1032 1660 1107 1714 aetes,
1123 1663 1139 1699 o
1155 1649 1266 1709 Senecn,
1276 1643 1369 1695 valide

264 1731 359 1783 fruitur
370 1730 464 1781 tellus!
490 1732 629 1785 Sumen.
833 1730 927 1792 adhue,
946 1735 976 1779 et
997 1727 1075 1777 rebus
1094 1731 1123 1775 et
1142 1720 1259 1772 fruitioni
1277 1732 1368 1769 rerum

294 1815 307 1843 ⁰
323 1806 419 1869 Primo]
437 1808 523 1855 Prinne
532 1807 636 1871 imperii
652 1808 737 1871 sputis
755 1806 794 1855 in-
833 1806 914 1857 etiem
925 1802 1036 1865 suffieit3
1051 1801 1101 1851 nisi
1115 1798 1184 1849 forte
1195 1803 1223 1848 te
1229 1797 1287 1860 jem
1299 1808 1369 1857 pree·

264 1882 376 1948 medior,
387 1888 415 1931 et
425 1882 508 1931 adhue
519 1888 546 1931 te
557 1881 694 1930 honoribus
704 1888 731 1931 et
740 1882 795 1945 opi·
834 1883 908 1945 ponis
919 1880 1034 1941 Vitellio,
1052 1892 1108 1937 seu,
1121 1874 1171 1925 nisi
1188 1873 1257 1922 forte
1269 1878 1296 1919 te
1309 1871 1368 1933 jen

262 1959 311 2008 bus
319 1958 458 2022 majoribus
469 1958 599 2006 cumulare
609 1971 711 2020 possum
721 1974 729 2018 ς
744 1958 795 2006 nisi
834 1957 991 2008 ornatiorem
998 1962 1075 2019 puter
1081 1950 1201 2009 Vitelli03
1209 1955 1255 1997 ent
1263 1946 1314 1996 uisi
1324 1945 1371 1994 rni-

264 2033 332 2083 forte
355 2042 381 2083 te
404 2034 533 2097 praepouie
551 2034 675 2083 Vitellio:
695 2033 722 2082 id
745 2040 796 2095 est,
834 2048 882 2084 nus
890 2047 932 2081 rue
941 2030 1010 2081 forte
1020 2034 1165 2095 potentem,
1174 2031 1221 2074 eut
1230 2022 1371 2072 liberalem

265 2112 314 2162 nisi
331 2110 397 2161 forte
409 2121 434 2161 te
446 2112 502 2174 jun
513 2112 617 2164 Vitellio
636 2118 678 2160 ter
689 2112 795 2160 consule
835 2115 920 2172 poue,
928 2122 1006 2171 quem
1016 2104 1068 2154 fuit
1078 2102 1211 2154 Claudius.

265 2188 386 2238 ditiorem
406 2194 434 2235 et
454 2186 609 2235 ornatiorem
629 2192 721 2248 putes3
745 2184 796 2234 nisi
867 2184 919 2234 Sed
929 2189 1030 2233 tentum
1042 2180 1167 2241 nossent
1178 2184 1208 2225 tu
1219 2174 1314 2240 opibus
1327 2172 1373 2221 ed·

265 2263 333 2313 forte
352 2278 394 2312 me
411 2261 519 2313 Claudio
535 2262 681 2325 preponis:
699 2260 725 2311 id
744 2267 796 2323 est,
836 2276 924 2326 aeqnes
932 2258 1066 2308 Vitellium
1078 2262 1121 2305 ter
1131 2252 1271 2312 consulem,
1282 2263 1374 2299 censo·

266 2340 315 2389 nisi
331 2346 407 2403 putas
422 2338 528 2401 mejam
545 2337 719 2389 liberaliorem
728 2338 756 2385 iu
768 2342 796 2387 te
836 2327 1375 2400 remque,enurnequeedhneexplerenree

267 2414 354 2480 fuisse,
371 2431 448 2480 quem
467 2414 518 2465 fuit
534 2414 657 2464 Claudius
676 2416 701 2466 iu
712 2415 797 2465 vitel·
837 2416 903 2464 inte
916 2412 1056 2463 liberalitas
1070 2408 1165 2473 potnit,
1181 2411 1306 2472 qnantum
1319 2402 1374 2453 Vo-

267 2494 336 2544 rium.
370 2493 408 2542 At
430 2492 497 2542 forte
517 2491 618 2542 facilior
639 2493 797 2557 nitidiorqne
836 2491 991 2552 lusiolonge
1002 2482 1302 2551 parsimoniuquaesitum
1315 2486 1367 2529 eet.

266 2569 336 2620 t'oret
345 2584 444 2631 sensus,
453 2568 573 2632 legendo,
584 2570 712 2632 postponis.
745 2569 798 2619 Sed
870 2566 1002 2616 octauo
1015 2562 1145 2627 promulo]
1166 2559 1195 2608 Si
1211 2556 1275 2622 quid
1284 2550 1374 2616 rideo,

267 2645 421 2694 nihilmove.
447 2644 474 2692 Si
484 2642 514 2692 ri
526 2660 579 2707 pre
589 2645 658 2693 vocis
672 2645 800 2708 praeponit,
838 2652 884 2694 ent
894 2642 1031 2705 negatione
1042 2637 1119 2688 insite
1135 2631 1311 2689 scribendum,
1328 2645 1376 2679 nou

267 2719 451 2780 compendiose
473 2719 599 2782 seriptum
625 2719 684 2779 fuit,
712 2719 799 2770 suellis
836 2713 968 2786 nubum:
985 2713 1194 2768 enumerandum
1206 2711 1232 2758 in
1243 2707 1375 2772 postponit.

268 2797 356 2860 lapsus
368 2795 577 2844 exscribentinm.
839 2796 920 2844 Certe
928 2799 957 2842 et
965 2793 1038 2842 Nero
1043 2787 1143 2854 judicio
1152 2792 1213 2835 ante
1221 2781 1374 2833 claudimus

300 2871 460 2932 eNistsorte
471 2876 548 2920 nette
561 2872 667 2936 Vitellio]
694 2871 736 2920 An
748 2869 798 2922 ful·
839 2875 867 2918 et
888 2869 987 2918 Seneca
1008 2865 1079 2914 omni
1098 2878 1127 2912 re
1148 2869 1209 2911 ente
1226 2859 1374 2909 Vitellium.

270 2962 332 3010 gore
342 2947 538 3010 magistratuum
549 2953 574 2996 te
583 2955 659 3011 putas
666 2947 800 2996 Vitellium
823 2948 827 2965 ²
840 2945 946 3009 einen.

269 3022 383 3072 anteire?
400 3036 480 3086 erres,
497 3023 518 3072 si
534 3022 560 3072 id
573 3022 667 3085 credis,
687 3023 800 3073 Seneca:
873 3019 998 3082 Negatio,
1005 3030 1082 3081 quem
1091 3011 1195 3076 Lipsius
1204 3009 1248 3059 hio
1258 3010 1376 3058 inserere

269 3100 314 3148 ille
323 3097 390 3148 euim
399 3098 504 3148 tertium
513 3099 620 3150 Consul:
633 3112 715 3148 eume
725 3099 802 3148 cun-
841 3095 929 3158 vellet,
949 3094 1035 3142 locum
1061 3089 1157 3138 hebere
1183 3100 1234 3136 non
1255 3083 1375 3132 videtur:

270 3175 313 3225 dio
334 3173 578 3224 beneficentiorem?
610 3182 638 3225 et
660 3175 681 3222 is
703 3173 802 3236 majore
840 3171 945 3220 nemete
961 3166 1120 3216 liberalitate
1140 3169 1242 3212 tentum
1260 3158 1377 3223 loquitur

271 3252 382 3300 contulit
397 3253 422 3299 in
434 3252 551 3300 amicum.
584 3251 700 3300 Proinde
710 3266 801 3302 uerum
841 3247 923 3308 Nero,
933 3259 983 3294 non
995 3242 1029 3291 de
1041 3239 1136 3290 ceteris
1145 3236 1293 3286 virtutibus.

270 3333 373 3378 nonest
389 3331 511 3390 utrosque
528 3340 573 3373 noe
590 3340 735 3374 mensurum
754 3326 802 3374 im-
873 3325 1021 3382 Tne-setes,
1037 3316 1130 3382 iuquit,
1148 3320 1190 3363 est
1206 3311 1290 3361 adhue
1307 3322 1377 3372 prte-

271 3402 390 3467 plevisse.
403 3403 469 3452 Nem
477 3400 804 3464 Claudiuspluredouerit,
840 3400 899 3449 ruiis
918 3386 1059 3456 sufficiens,
1077 3400 1105 3442 et
1125 3405 1173 3453 ego
1192 3403 1249 3436 snm
1267 3385 1295 3436 in
1312 3383 1378 3449 ipsis

272 3485 301 3526 et
309 3477 513 3542 plureVitollius
524 3477 635 3540 accepit.
650 3477 691 3538 Re
702 3477 803 3528 Vitellii
840 3473 919 3523 initiis
940 3468 1044 3535 imperii
1066 3483 1097 3517 ae
1120 3461 1304 3514 liberalitatis:
1327 3457 1379 3508 nisi

271 3554 390 3619 potentia
398 3553 445 3603 sub
453 3552 561 3604 Claudio
570 3552 803 3615 imperatore,Sue·
841 3547 911 3598 forte
932 3545 1074 3605 existimes,
1100 3549 1128 3592 te
1149 3540 1248 3604 majora
1267 3535 1380 3602 praemie

273 3630 406 3682 touhrec:
424 3631 508 3680 ‘Mox
527 3645 584 3680 cum
602 3629 712 3680 Claudio
734 3631 803 3692 prin.
844 3623 1031 3687 amplioresque
1042 3618 1195 3682 *dignitates
1214 3631 1230 3662 a
1245 3627 1288 3662 me
1305 3624 1381 3662 eece·

273 3707 333 3772 cipe
349 3707 413 3758 duos
431 3707 536 3770 insuper
552 3707 698 3758 ordinarios
713 3723 804 3758 consu·
843 3701 922 3765 pisse,
940 3712 1017 3762 quem
1033 3711 1050 3744 n
1067 3694 1175 3742 Claudio
1192 3688 1313 3738 Vitellius
1336 3692 1379 3736 ter

273 3784 340 3834 letne
349 3797 534 3847 censuramque
543 3782 733 3846 gessit:curem
741 3799 804 3850 qno.
844 3776 1008 3836 consulent
1033 3785 1074 3820 me
1099 3768 1275 3817 liberaliorem
1296 3761 1380 3812 fuisse

274 3874 325 3925 que
353 3861 454 3924 imperii
478 3859 601 3913 sustinuit
622 3860 730 3910 ebseutu
753 3859 803 3912 eo.’
843 3867 907 3916 erge
923 3858 960 3911 te,
977 3863 1054 3913 qnam
1071 3845 1193 3898 Claudius
1209 3855 1271 3905 erge
1292 3839 1378 3887 illum.

273 3936 416 3988 Minnio.
843 3930 889 3982 lte
909 3928 989 3980 sentit
1010 3926 1090 3974 etiem
1110 3919 1259 3970 Salinerins.
1293 3915 1380 3966 Pere-

286 4013 448 4076 .Nr'riforte]
465 4011 497 4062 Id
507 4010 582 4064 facite
591 4018 678 4076 potest
687 4013 806 4076 natison-
844 4020 884 4057 reo.
1291 4064 1328 4076 ..

275 4103 342 4151 eum,
357 4103 433 4152 quern
449 4087 580 4152 ingeniose
599 4086 732 4138 odinvenit
747 4088 805 4139 Flo·
877 4087 888 4114 ¹
908 4077 1001 4130 Volusio
1011 4067 1248 4140 emendatorio]
1265 4066 1328 4115 Dm
1340 4078 1382 4112 ⁸¹1·

275 4170 342 4216 rent.
359 4162 502 4227 Interpres.
513 4161 619 4246 prime,
629 4161 806 4228 inquitlllero,
843 4171 910 4222 pre:
928 4152 1007 4217 eddo,
1019 4152 1071 4209 hoc
1081 4161 1176 4202 nemen
1185 4142 1307 4195 invetie.
1319 4155 1380 4191 con·
