2984 4850
239 370 327 439 1772
512 411 516 415 -
595 385 628 433 ot
652 383 834 432 corennum
857 382 986 431 utetur
1180 383 1351 449 [nmero.

240 524 381 599 ditant*
404 531 448 593 ab
473 548 514 591 eo
534 548 669 591 munera
689 527 877 609 Principiss
887 531 922 590 et
936 523 1225 608 adipiscendorum
1239 526 1350 588 hono-

240 655 311 699 rum
321 634 379 716 jus
389 632 407 695 :'
429 650 504 714 quae
521 649 625 693 causa
635 629 763 693 Neroni
776 630 842 693 fuit
856 626 1059 711 suscipiendi
1071 625 1194 710 judicii
1207 633 1229 691 :⁵
1236 634 1250 661 ⁸
1263 632 1349 689 con-

241 737 431 816 victumque
446 728 662 796 Veientonem
676 730 777 793 Italia*
793 730 930 813 depulit,
945 733 979 791 ct
992 729 1094 794 libros
1108 726 1204 790 exuri
1214 724 1353 809 jussit,b

242 914 322 975 r·is,et
328 914 372 978 jns
384 914 580 963 obtinendarum
593 913 746 975 dignitatum
758 931 764 962 :
775 910 888 976 quodfait
899 912 925 961 in
935 926 1016 973 mesu,
1025 925 1067 958 eur
1075 905 1355 971 princepsjudicismen·

240 984 359 1041 munet:
382 986 566 1043 compertumque
576 978 657 1027 delicti
671 978 821 1028 Veientonem
832 978 906 1025 ltalia
922 976 998 1038 ejecit,
1014 979 1039 1025 et
1051 974 1126 1033 iverit
1141 972 1245 1022 cremori
1265 971 1353 1033 tidros,

244 1202 320 1248 men;
345 1202 430 1235 rarrtm
448 1187 577 1235 Taliorum
597 1186 801 1235 autTalliormn.
834 1185 992 1237 Britan-t
1008 1183 1119 1235 Quidum
1132 1182 1197 1232 Mss.
1208 1180 1355 1230 mmmm,-

242 1253 318 1301 male.
337 1253 482 1300 liment—ti
501 1249 652 1332 orreretur.
668 1251 762 1301 indicii.

745 1381 854 1431 NOTAE
905 1373 908 1381 ’

278 1487 288 1511 ¹
307 1478 446 1541 Venditutn]
478 1478 601 1540 uertunt,
613 1478 719 1528 venditu
732 1493 778 1527 seu
819 1476 912 1526 bieno:
930 1477 981 1526 ‘Iu
997 1477 1064 1525 hunc
1076 1473 1187 1537 primum
1201 1470 1357 1533 excogitata

246 1556 410 1615 veniundum
431 1563 503 1619 puto,
514 1556 596 1604 instar
605 1570 703 1617 eorum,
714 1569 778 1619 quos
818 1560 859 1603 est
878 1568 945 1601 nova
956 1567 1041 1616 poeua.
1074 1547 1203 1598 Effectum
1221 1553 1264 1595 est
1284 1547 1355 1595 enim

233 1628 317 1679 ‘fumo
343 1632 461 1679 enecavit
488 1630 637 1681 Alexander
659 1632 779 1691 Severus,
818 1643 867 1691 per
877 1627 1004 1688 inimicos,
1016 1631 1045 1675 ut
1063 1638 1151 1674 omues
1169 1624 1226 1687 ejus
1244 1622 1306 1671 libri
1318 1622 1357 1670 in-

247 1705 315 1769 quod
333 1704 431 1755 fumum
450 1707 516 1755 antes
531 1706 716 1765 vendidissent,
733 1721 779 1755 sen
819 1703 1002 1753 tenderentur.
1043 1702 1094 1749 Res
1110 1714 1178 1749 nova
1195 1704 1224 1746 et
1242 1698 1358 1759 insueta,

247 1781 434 1833 venditassent.
483 1782 560 1845 Sunt,
594 1783 638 1847 qui
669 1783 780 1845 gratiam
818 1779 947 1843 supplicia
957 1778 990 1826 de
1002 1776 1094 1826 studiis
1105 1775 1181 1824 sumi.
1213 1775 1291 1823 Bono
1302 1773 1359 1822 lier-

247 1858 394 1921 principum
415 1858 453 1907 sic
470 1858 613 1920 venditant,
631 1858 674 1921 qui
694 1863 779 1907 temen
820 1859 878 1906 cole
891 1856 1006 1919 publico,
1017 1854 1103 1902 istain
1120 1866 1208 1915 poenas
1220 1850 1359 1915 ingeniosa

247 1934 360 1997 pretium
372 1948 460 1984 verum
471 1934 631 1997 solidumque
649 1934 782 1997 occipiunt
820 1932 962 1981 crudelitas
980 1935 1029 1978 est.
1061 1926 1131 1977 Quid
1149 1926 1218 1974 enim
1235 1923 1358 1973 futurum

248 2007 378 2073 prosumo
397 2024 459 2059 suot
487 2017 552 2073 puto
570 2010 607 2058 sic
624 2023 652 2059 se
671 2010 782 2072 gessisse
819 2008 879 2069 fuit,
888 2009 910 2056 si
922 2008 1051 2071 ingenium
1064 2004 1195 2055 Ciceronis
1214 2001 1359 2051 triumviris

248 2086 384 2147 hominem,
395 2086 436 2150 qni
456 2086 498 2134 hio
510 2084 699 2147 redarguitura
712 2084 782 2147 priu-
820 2085 942 2134 libuisset
962 2082 1143 2147 proscribere?
1167 2080 1234 2129 Sunt
1244 2078 1293 2127 Dii
1312 2076 1360 2126 irn-

246 2159 318 2229 ¹cipe,
330 2160 491 2211 convincitur
501 2172 528 2211 et
539 2161 654 2224 punitur.
820 2162 942 2211 mortales
953 2160 1017 2209 lenti
1029 2159 1144 2223 quidem,
1161 2155 1208 2205 'sed
1224 2156 1293 2205 certi
1305 2154 1359 2203 vin-

283 2235 340 2286 Nec
352 2245 425 2300 puto,
441 2238 544 2287 sibimet
555 2251 688 2299 arrogasse
700 2236 782 2299 ipsum
823 2238 893 2287 dices
909 2238 1011 2300 generis
1030 2234 1142 2293 humani,
1153 2242 1180 2282 et
1200 2246 1297 2295 magna
1316 2246 1361 2279 ex·

249 2312 294 2363 illa
316 2328 422 2363 munera
441 2315 536 2378 jusque
558 2312 783 2375 adipiscendarum
823 2316 908 2378 emplu
928 2315 954 2363 in
976 2320 1056 2377 caput
1077 2311 1266 2361 invenientium
1286 2323 1362 2372 rege·

251 2388 405 2454 dignitatum
417 2407 423 2442 :
451 2390 572 2456 quicquid
584 2390 627 2451 sit,
639 2388 783 2439 venditavit
823 2398 893 2453 runt,
901 2399 931 2442 ut
937 2390 1081 2455 justissima
1090 2386 1204 2452 patiendi
1213 2384 1360 2450 vice,quod

250 2467 357 2530 gretiam
377 2467 508 2532 principis,
523 2468 565 2516 vel
584 2472 705 2530 tanquam
724 2466 782 2516 sibi·
823 2469 930 2534 quisque
941 2469 1027 2517 alieno
1045 2465 1207 2528 excogitavit
1221 2463 1368 2528 supplicio,'

251 2550 305 2594 met
315 2543 380 2606 ipse,
392 2544 433 2592 vel
444 2543 498 2592 aliis
507 2544 587 2594 etium
600 2543 712 2592 tribuere
724 2558 782 2606 poe·
823 2544 1086 2608 smpeexcipietsuo.
1119 2538 1361 2592 Quaevosdemeu·
1408 2554 1411 2557 ·
1480 2534 1481 2563 ³

250 2626 308 2668 set:
326 2618 395 2668 forte
405 2627 504 2668 tautum
512 2621 785 2682 jactarateamnuera
825 2621 916 2669 tissimi
934 2621 1048 2669 homines
1066 2624 1141 2669 tauta
1151 2616 1273 2667 vecordia
1287 2614 1362 2679 agit?

252 2689 386 2758 principie,
399 2695 471 2756 quasi
483 2694 521 2741 sui
534 2694 636 2742 arbitrii
648 2701 745 2756 essent,
756 2693 782 2742 id
825 2711 916 2760 parum
928 2695 1052 2745 videlicet
1068 2695 1095 2742 in
1115 2707 1203 2756 poenas
1220 2698 1293 2742 uotae
1306 2705 1361 2740 cru·

213 2814 229 2838 l
253 2775 304 2830 est,
323 2768 425 2817 venalia
444 2783 475 2818 en
496 2765 632 2831 offerebat,
651 2775 680 2818 et
699 2769 784 2832 pretio
824 2773 938 2822 delitatis
955 2773 1015 2822 esti
1043 2769 1195 2835 conquiritis
1211 2769 1237 2816 in
1257 2773 1362 2816 vosmet

252 2847 406 2910 exponebat.
823 2849 894 2913 ipsos
913 2863 991 2911 nova,
1011 2847 1104 2912 quibus
1123 2846 1247 2909 pereatis.
1283 2843 1359 2894 Etsi

284 2929 297 2956 ⁸
323 2921 473 2986 Suscipiendi
487 2921 589 2984 judicii]
627 2922 685 2970 Non
707 2921 785 2985 quod,
826 2925 889 2989 quid
901 2925 934 2974 ab
950 2925 1020 2974 omni
1031 2923 1159 2986 patientie
1170 2937 1256 2974 rerum
1268 2929 1361 2970 nutura

254 2997 354 3062 opinor,
374 2999 429 3062 ipse
448 2998 520 3046 litem
540 2997 714 3060 dijudicantem
739 2997 785 3046 sed
826 2999 958 3061 subduxit,
968 2999 1037 3048 sicut
1046 2997 1188 3061 ingenium,
1199 2998 1361 3046 memoriam·

254 3073 785 3138 qniasuarespartimagebatur,ideosese
827 3089 877 3138 que
890 3075 1007 3134 nominis,
1015 3074 1138 3123 invenitis
1146 3072 1361 3137 quemadmodum

255 3149 395 3199 immiscuit
405 3151 445 3199 liti
457 3151 538 3210 Nero,
554 3151 702 3213 sategitquc
714 3149 785 3213 judi·
827 3152 976 3217 perducatis
995 3152 1028 3202 ad
1048 3153 1155 3201 crudem
1173 3167 1228 3200 rem
1244 3150 1360 3215 corporis

255 3223 333 3286 eii,ut
344 3225 387 3274 ille
399 3223 463 3272 fumi
475 3226 550 3274 aulici
561 3225 707 3274 venditator
718 3227 787 3272 darn-
827 3230 903 3279 rnatu.
938 3231 1033 3279 Pacem
1044 3229 1139 3278 studiis
1149 3229 1271 3290 subdere,
1286 3236 1318 3277 et
1336 3227 1362 3274 in

256 3306 378 3348 nasetur:
397 3300 472 3348 aliter
484 3315 535 3348 non
547 3302 694 3362 sategisset,
705 3301 738 3348 dc
749 3300 786 3348 in·
827 3313 993 3356 monumenta
1019 3305 1212 3368 disciplinarum
1247 3302 1362 3352 animad-

251 3375 330 3440 juriis
358 3382 461 3440 petrum
482 3375 550 3426 forte
572 3393 622 3425 non
649 3377 787 3426 admodum
828 3389 942 3444 vertere,
962 3390 1066 3446 quanta,
1086 3388 1115 3430 et
1133 3395 1210 3445 quarn
1232 3394 1283 3429 non
1302 3393 1362 3429 con·

256 3452 347 3502 unxius
366 3455 446 3504 Nero.
485 3454 555 3505 Olim
573 3453 705 3516 Augustus
722 3461 788 3502 teste
829 3464 986 3507 tentecerte
997 3455 1223 3507 materiasaevitiae
1234 3455 1292 3504 est?
1317 3453 1362 3506 Dii
1422 3477 1425 3482 ·
1480 3458 1481 3463 ’

256 3529 364 3578 Sueton.
384 3537 425 3578 55.
441 3530 493 3579 ‘ld
512 3531 589 3579 modo
610 3531 711 3579 censuit
729 3544 789 3594 eog-
829 3531 1008 3596 melius,quod
1029 3546 1061 3580 eo
1079 3532 1175 3580 saeoulo
1190 3531 1240 3580 ista
1251 3530 1363 3593 ingenio·

257 3605 413 3654 noscendum
436 3607 543 3668 posthac
556 3606 589 3655 de
603 3606 633 3654 iis
651 3605 695 3670 qui
714 3605 789 3655 libel·
829 3621 886 3655 rum
904 3606 1032 3670 supplicia
1049 3612 1196 3670 coeperunt,
1208 3621 1259 3670 quo
1279 3611 1307 3655 et
1325 3605 1363 3654 in·

257 3681 296 3729 los
308 3687 354 3729 aut
365 3682 480 3730 carmina
498 3682 530 3730 ad
550 3681 681 3730 infamiam
703 3682 790 3744 cnjus·
830 3685 906 3746 genia
924 3683 1065 3732 desierunt.
1102 3683 1174 3746 Ejus,
1191 3683 1236 3747 qui
1254 3681 1362 3731 hericio

258 3755 327 3820 pium
339 3756 386 3804 sub
398 3756 481 3805 alieno
500 3757 602 3806 nomine
622 3756 719 3806 edant.’
754 3758 789 3805 Et
829 3761 930 3823 scripta
947 3759 1231 3815 Labienisententiam
1246 3757 1362 3817 dixerat,

259 3830 328 3896 apud
340 3833 485 3881 Domitian.
496 3833 568 3882 Suet.
580 3837 604 3882 8.
620 3833 743 3896 ‘Scripta
752 3830 790 3879 fu·
830 3843 921 3898 postea
942 3835 1053 3884 viventis
1074 3835 1157 3882 adhuc
1176 3835 1274 3896 scripta
1295 3848 1362 3883 com-

259 3905 331 3958 mosa
341 3909 553 3974 vulgoqueeditu,
562 3908 654 3974 quibus
666 3910 790 3972 primores
829 3911 993 3960 bustasuut:
1014 3910 1070 3973 jam
1087 3923 1138 3958 uon
1156 3911 1222 3957 melo
1235 3909 1362 3972 exemplo,

259 3979 309 4034 viri
325 3999 356 4034 ac
371 3985 480 4034 foeminae
492 3985 658 4046 notabuntur,
670 3985 792 4047 abolevit,
831 3987 891 4050 quia
901 3986 965 4034 suo?

260 4075 310 4111 uon
322 4061 377 4111 siue
389 4068 521 4111 auctorum
535 4061 692 4124 ignominia?
857 4062 1361 4125 ScripseratLabienushistorinm,qnnm

292 4139 305 4174 b
321 4141 406 4191 libros
416 4139 575 4204 exurijuuit]
606 4139 705 4188 Seneca
717 4147 793 4204 pater
832 4137 937 4201 publice
948 4136 1092 4195 recitabam
1117 4136 1155 4184 ita
1167 4142 1253 4186 umen
1265 4141 1297 4186 ut
1306 4147 1361 4198 par-

260 4217 287 4266 in
307 4217 431 4282 prooemIo
448 4217 530 4269 linx.
550 4214 726 4268 donimane
745 4215 794 4266 Inr-
833 4218 887 4263 tem
909 4213 1086 4277 convolveret,
1104 4212 1243 4278 legendam
1265 4216 1363 4262 tantum
