2984 4850
132 371 196 424 tc.
210 371 283 435 cap
463 363 671 416 auunnrou
697 365 771 414 nin.
795 366 879 417 xrv.
1136 354 1223 421 1731

133 509 308 592 delectique
330 505 555 584 Sacerdotes:
589 507 702 591 specie
732 510 911 592 religionis,
938 530 1053 578 omnes
1078 513 1232 580 fortunas

133 606 357 674 <effundebantf
398 608 472 672 Nee
487 609 626 674 arduum
642 609 829 690 videbator,
845 613 1040 676 exscindere
1054 613 1242 694 coloniam,

133 710 225 774 nullis
251 710 460 776 munimentis
489 717 639 795 septam:
663 713 767 795 quod·
784 713 939 792 Ducibus
963 716 1086 778 nostris
1115 735 1232 798 parum

134 812 299 892 provisum
324 817 406 888 erat,
433 811 513 876 dnm
537 811 721 878 amoenitati
747 814 980 897 prius-quam
1007 816 1085 880 usui
1113 835 1247 880 coaeum

134 913 218 978 litun.
705 925 706 928 ’

172 1015 222 1079 32.
247 1013 338 1080 Inter
359 995 447 1100 quae,
472 1015 565 1080 nulla
587 1010 723 1098 palamg
746 1035 865 1094 causa,
886 1017 1060 1100 delapsum
1075 1016 1232 1103 Camulo-

134 1198 301 1260 espectallclum
317 1200 432 1262 accitique
446 1202 577 1250 sacerdotes
590 1206 712 1264 pretextu
723 1200 910 1250 cerimoniarum
921 1214 999 1248 omues
1010 1213 1065 1262 opes
1072 1197 1233 1248 abundant.

136 1262 183 1310 Nee
201 1263 293 1328 diJJieile
313 1265 445 1324 uidebatur,
462 1279 600 1328 expungnare
619 1267 729 1329 oppidum
749 1266 821 1313 nullis
840 1264 953 1313 manibus
967 1263 1114 1328 firmatam
1136 1263 1176 1311 cui
1194 1263 1233 1310 rei

134 1339 210 1438 w
226 1329 389 1377 musuluerant
407 1329 482 1378 nostri
502 1331 580 1392 daces,
599 1331 656 1378 dum
673 1331 799 1391 elegantia
813 1329 903 1392 potius,
920 1343 990 1390 qaam
1009 1327 1145 1377 asseruisti
1153 1327 1233 1388 proni-

165 1449 254 1504 laterea
269 1456 334 1504 nulla
346 1461 410 1506 certa
426 1462 467 1504 aut
485 1455 612 1516 ruaniferta
631 1473 701 1506 caasa
719 1454 804 1507 reddit
819 1457 900 1518 imago
912 1455 1024 1507 Victoria
1037 1453 1200 1517 Camuloduni,
1211 1459 1235 1502 et

136 1882 251 1946 presidiis
261 1887 345 1948 ipsam
356 1886 482 1938 coloniam
494 1888 620 1950 invasere,
628 1894 659 1938 ut
698 1888 772 1937 adito
792 1887 867 1936 sueri.
908 1886 969 1934 Non
991 1884 1054 1932 licet
1073 1883 1143 1931 Deos
1159 1893 1233 1931 nosse

135 1959 215 2010 sedem
224 1959 376 2022 seruitutis)
391 1961 440 2010 -At
450 1963 486 2011 ibi
497 1978 543 2012 ara
554 1963 658 2012 dumba·
699 1964 793 2028 gratis,
803 1963 907 2012 venales
918 1959 995 2010 sunt?

134 2033 204 2096 rara,
220 2035 263 2084 ubi
278 2037 346 2086 sedes
365 2038 496 2102 seruitutis,
508 2044 536 2087 et
554 2052 659 2102 prorsus
730 2039 742 2072 f
751 2039 926 2104 diffundebant]
959 2040 1000 2088 Ex
1011 2037 1086 2087 sociis
1102 2037 1233 2085 Britanni·

136 2119 205 2157 uuum
213 2116 240 2158 et
248 2111 319 2160 idem
328 2117 379 2160 est.
699 2115 736 2166 cis
747 2113 845 2165 delecti
858 2114 876 2162 ii
887 2113 1049 2174 sacerdotes,
1060 2127 1105 2162 sen
1119 2114 1234 2176 flamines
1324 2133 1334 2148 ·

164 2182 236 2244 Apud
247 2185 308 2234 Tan.
329 2187 345 2233 l.
359 2199 391 2234 rr.
409 2191 450 2234 23.
463 2186 530 2236 idem
542 2189 658 2237 errorir·
701 2190 845 2249 candida,
870 2189 915 2253 qni
936 2195 1070 2252 praetextu
1092 2187 1233 2249 religionis,

135 2265 251 2320 repserat,
269 2262 342 2313 ‘Qui
354 2262 485 2324 Capitolio
506 2270 533 2312 et
551 2278 597 2312 ara
607 2263 658 2313 Ro·
699 2279 787 2315 omncs
798 2264 916 2315 fortunas
928 2262 1124 2328 profundebant
1142 2263 1167 2311 in
1181 2264 1234 2310 vie-

134 2337 211 2397 mana,
221 2339 269 2386 dre.
280 2339 418 2400 prostratis
427 2339 444 2400 ς’
462 2339 504 2389 ubi
522 2339 601 2388 etiam
618 2352 657 2390 re·
698 2341 786 2402 times,
799 2355 903 2403 nempe,
919 2346 947 2388 et
958 2337 1087 2389 seandala
1098 2347 1125 2388 et
1145 2340 1232 2390 conri-

134 2409 264 2474 posuimns,
273 2430 340 2475 arce,
353 2429 399 2476 pro
411 2430 462 2463 ora.
606 2456 608 2459 .
698 2417 741 2467 via
751 2416 838 2480 qualia
847 2414 974 2464 decerent
987 2414 1065 2465 talem
1076 2414 1184 2463 Divum.

162 2486 317 2550 0Delectiqne
328 2489 475 2553 Sacerdotes]
492 2489 658 2551 Legebantur
731 2490 767 2540 Et
777 2490 846 2539 forte
855 2504 908 2539 non
919 2490 1001 2538 solnm
1011 2490 1066 2538 suas
1074 2488 1188 2547 samaras
1199 2487 1233 2537 ni

133 2560 191 2609 enim
203 2561 347 2611 Pontifices
359 2564 537 2626 Flaminesque
550 2563 659 2613 Claudio
700 2565 893 2630 profundebant
911 2578 1044 2629 proceres,
1053 2566 1100 2613 sed
1117 2564 1192 2612 simul
1205 2571 1233 2610 et

133 2649 162 2681 ex
184 2638 389 2698 provincialibus
412 2639 490 2699 ipsis:
517 2638 611 2705 quibus
634 2638 660 2685 ln
700 2656 764 2705 opes
775 2642 938 2704 populorum,
949 2634 1154 2703 qui'tenerentnr
1164 2645 1234 2687 stato

132 2724 199 2759 sacra
209 2713 379 2776 victimasque
391 2714 445 2774 ejus
457 2714 530 2770 Divi,
541 2714 616 2771 mrrlti
625 2712 661 2761 fa·
700 2722 819 2779 tempore
835 2714 1002 2779 suppeditare
1022 2722 1120 2763 sumtus
1132 2715 1159 2763 in
1171 2714 1234 2763 talia

132 2787 207 2835 ciendi
227 2793 340 2837 sumtus.
372 2788 440 2836 Vide
449 2787 555 2837 Arriani
572 2786 661 2850 berba,
697 2791 827 2858 ‘sacrificia
837 2796 865 2840 et
875 2791 973 2854 epulas.
1006 2789 1233 2839 Etetiaminrie—

18 2850 19 2859 ἵ
93 2918 97 2925 .
132 2876 182 2924 (Ιῑῑω
191 2862 289 2913 adduxi
297 2864 315 2913 ¹·
327 2876 346 2911 ¹·
363 2862 466 2925 lipsius.
700 2875 756 2916 turn
767 2875 795 2916 et
806 2866 952 2929 alimoniam
973 2879 1003 2913 ae
1023 2865 1175 2927 dignitatem
1197 2872 1235 2911 ta-

159 2939 238 3002 Specie
255 2939 396 3001 religionis]
424 2938 514 3002 Agris.
531 2942 572 2987 at.
592 2937 599 2965 ‘
616 2936 674 2993 Ser
700 2941 935 2992 liumsacerdotum
948 2939 1079 3001 tuendam,
1090 2938 1133 3004 qui
1144 2936 1233 2986 statim

132 3029 206 3077 quens
226 3016 319 3080 hyems
343 3015 517 3065 saluberrimis
549 3012 660 3064 consiliis
700 3021 738 3070 sle
748 3018 821 3068 oneri
833 3015 1041 3083 provincialibus.

131 3090 249 3141 absumta.
287 3091 415 3155 Namque,
427 3098 455 3139 ut
474 3090 590 3139 homines
610 3088 659 3137 dis·
732 3094 791 3144 Nec
803 3100 858 3142 rum
875 3090 968 3153 coplas,
979 3103 1090 3152 annona,
1104 3093 1149 3136 aur
1160 3100 1229 3135 com„

131 3166 194 3225 persi
211 3182 241 3215 ne
259 3164 350 3226 rudes,
368 3180 451 3229 eoque
470 3165 538 3214 bello
559 3162 658 3225 faciles,
696 3173 798 3219 meatus
835 3164 994 3227 suppetebat
1024 3162 1171 3223 affluenter,
1201 3169 1230 3213 ut

131 3241 204 3304 quieti
216 3249 243 3291 et
254 3242 311 3291 otio
334 3256 382 3305 per
399 3243 546 3304 uoluptates
559 3254 656 3288 assues·
696 3255 773 3301 nane,
790 3240 850 3303 qula
875 3239 951 3301 pauci
970 3239 1090 3288 Britanni
1107 3239 1231 3288 serebant

130 3323 230 3377 cereut;
256 3316 357 3365 hortari
379 3315 510 3379 privatim,
532 3315 657 3377 adjuvare
698 3315 838 3380 fruges‚et
855 3314 1010 3377 qniapanea
1027 3315 1131 3377 horrea,
1153 3316 1233 3364 null-e

130 3392 237 3456 publice,
256 3398 289 3441 ut
310 3391 415 3454 templa,
432 3389 499 3450 fora,
510 3389 601 3438 domus
613 3402 657 3437 ex·
697 3392 784 3451 nrbes,
795 3390 866 3438 nnlla
878 3388 934 3439 fere
945 3393 1122 3455 receptacula,
1133 3390 1159 3439 in
1172 3404 1232 3453 quae

130 3468 274 3533 struerent,’
287 3471 336 3516 &o
352 3466 428 3518 ‘lam
439 3480 501 3514 vero
513 3464 658 3527 principum
698 3465 855 3515 frumentum
869 3473 1063 3516 coacervarent.

128 3541 190 3592 filios
200 3543 353 3593 liberalibus
364 3541 464 3593 artibus
477 3537 598 3599 erudire‚'
610 3541 658 3587 &a
731 3541 841 3605 Elquod
853 3542 945 3589 mirum
957 3542 1111 3602 est,uulla1'n
1122 3540 1232 3589 classem

129 3618 226 3683 ‘quue
256 3618 328 3682 apud
355 3616 489 3685 imperitos
515 3614 659 3663 humanitas
699 3622 754 3666 turn
765 3618 879 3665 habuere
892 3617 1027 3678 insulares,
1039 3630 1090 3679 qua
1101 3613 1188 3677 frages
1204 3621 1234 3663 et

130 3696 279 3757 vecabatur,
288 3709 346 3743 cum
356 3708 415 3756 pars
427 3692 561 3742 servitulis
570 3690 658 3739 esset!
699 3708 807 3743 nnuonae
828 3692 929 3755 copiam
950 3692 1119 3740 adveherent.
1159 3689 1234 3739 Sicut

160 3770 308 3832 Religionis]
346 3770 458 3819 Tertull.
481 3769 508 3816 in
529 3768 659 3831 apologet.
699 3783 784 3831 neque
795 3769 898 3829 Batavi,
910 3768 952 3831 qui
967 3775 1021 3815 tmn
1038 3767 1156 3829 equitatu
1169 3779 1233 3828 praee
1247 3774 1250 3787 ¹

128 3844 186 3895 ‘Dii
197 3861 259 3896 vero
271 3847 314 3911 qui
326 3845 408 3909 magis
426 3844 564 3906 tributarii,
576 3843 658 3906 magis
699 3846 843 3907 pollebant,
854 3842 966 3896 nondum
978 3849 1034 3891 arte
1046 3842 1160 3891 narrtica,
1274 3842 1281 3848 '

130 3922 219 3981 sancti,
230 3923 307 3969 immo
319 3920 364 3984 qui
377 3920 456 3982 magis
470 3920 562 3979 saneti,
579 3920 660 3981 magis
734 3928 746 3963 s
759 3919 855 3983 Palam]
887 3919 949 3966 Sine
958 3918 1011 3967 ulla
1021 3931 1099 3965 causa
1109 3911 1244 3973 evidenti,

130 3995 268 4045 tributarii.
286 3998 415 4059 Maiestas
435 3994 591 4059 quaestuaria
608 3992 661 4041 effi·
701 4002 746 4043 aot
764 4010 822 4057 quae
834 3994 927 4042 saltem
948 3998 1097 4057 appareret,
1112 3988 1235 4052 perspici·

131 4070 204 4119 citur.
239 4069 661 4131 Circuitcauponasreligiorneu·
701 4084 752 4135 que
771 4077 859 4132 posset
877 4070 958 4118 oculis
976 4066 1140 4116 mortalium:
1165 4064 1241 4113 unda

132 4146 217 4199 dicam
226 4148 373 4200 mercedem
383 4162 430 4213 pro
438 4148 492 4197 solo
504 4147 605 4211 templi,
613 4160 661 4209 pro
700 4144 825 4196 divinitus
837 4142 863 4191 id
875 4142 972 4193 facturn
985 4138 1181 4204 conjiciebant..
1222 4183 1226 4207 ἶ
