2984 4850
143 367 297 438 [unsre
312 367 339 418 ι.
350 367 379 418 c.
391 363 445 430 es]
502 359 711 420 usnemun
736 359 916 410 nro.x1v.
1156 336 1247 414 51768

184 508 239 572 48.
263 507 305 572 Ρ.
322 507 447 583 Mario,
464 504 503 570 L.
520 502 640 568 Asinio
657 501 756 568 coss.
792 501 971 568 Antistins¹
989 504 1131 590 Praetor,
1144 524 1246 588 quem

145 611 178 676 in
190 609 379 674 Tribunatu
393 609 502 692 plebis
517 605 652 670 licenter
667 605 776 686 egisse
790 605 984 684 memoravi,
998 605 1162 688 probrosa
1184 605 1245 671 ad-

174 810 205 860 P.
218 808 308 869 Morio,
320 807 350 856 L.
362 807 444 858 Asinio
455 803 597 864 consulibua,
613 801 735 852 Antistius
740 806 841 864 pretor,
852 818 920 866 quem
935 805 990 854 disi
999 805 1093 854 turbide
1103 820 1129 854 se
1139 805 1249 867 maine,

145 874 197 922 dum
213 881 285 923 esset
294 871 403 922 tribunus
419 869 505 936 plebis,
521 868 649 932 composuit
662 866 759 924 famoso
773 868 879 918 scomma
893 869 920 917 in
932 870 1060 933 Coesarem,
1076 869 1249 932 publicavitquo

608 1019 739 1040 nomeu
743 1023 785 1043 en

175 1129 188 1174 1
202 1125 267 1176 con.
278 1125 374 1190 Ryekii
383 1125 597 1217 cgnitum-2
606 1131 696 1181 nm.
707 1130 774 1195 neg.
785 1127 931 1180 mortuone
939 1090 1249 1190 permissionemque.

642 1277 749 1330 norm
787 1287 794 1300 ·

42 1396 44 1400 ·
145 1390 237 1450 utpote
260 1385 303 1450 qni
320 1385 473 1436 levissimum
493 1389 622 1440 bominum
634 1407 677 1455 ge·
717 1391 850 1455 corporis:
867 1403 925 1453 quae
937 1393 1025 1442 tamen
1045 1385 1122 1436 etiam
1140 1396 1250 1433 cumet-

146 1475 193 1509 nus
222 1467 323 1509 essent:
350 1476 414 1525 quos
434 1470 461 1512 et
482 1465 587 1516 ‘renos'
610 1469 677 1518 dixit
716 1475 774 1518 tero
793 1468 855 1516 luxu
872 1466 981 1513 Romam
1000 1461 1127 1523 irrupere,
1144 1459 1250 1508 Nerone

147 1536 246 1585 Plinius
258 1542 405 1600 xxv111.8.;
422 1541 467 1589 et‘
480 1540 599 1592 (lraecam
612 1544 678 1593 vani·
718 1543 864 1594 admirante
885 1539 1017 1604 principue
1038 1537 1190 1586 Graecorum
1212 1535 1251 1582 in·

146 1612 237 1661 tatem'
250 1614 390 1676 appellarit
410 1628 440 1664 ιι.
457 1621 515 1667 109.
535 1617 677 1668 Graeciam·
717 1619 801 1683 genia.

146 1701 195 1752 qne
219 1687 357 1736 ‘omnibus
384 1688 519 1740 libidinum
547 1693 677 1743 illecebris
752 1695 855 1745 Horum
869 1692 901 1741 ad
921 1691 1005 1740 instar
1023 1687 1155 1740 distribuit
1166 1686 1252 1753 oleum

146 1763 290 1828 repletam‚’
303 1765 411 1816 tradidit
423 1761 510 1816 Livius
522 1769 567 1819 lib.
580 1783 680 1821 xxxiv.
720 1770 850 1834 equitibus
862 1783 893 1816 ac
911 1765 1085 1815 senatoribus·
1112 1763 1253 1824 Facilitate,

177 1841 289 1891 Graecos
311 1843 381 1890 luxui
403 1859 479 1906 quam
496 1846 607 1894 maxime
626 1852 680 1894 stu·
718 1847 745 1896 id
765 1853 815 1908 est,
833 1843 944 1904 luxuria,
965 1841 1081 1900 licentia,
1100 1846 1127 1889 et
1148 1839 1254 1887 lascivia

146 1915 242 1978 eluisse,
254 1916 472 1968 docet.Firmicus
483 1921 620 1970 Maternus
632 1921 679 1970 As·
721 1922 830 1981 Graeca3
850 1926 880 1968 ut
891 1924 962 1983 puto,
971 1923 1048 1966 vocat
1058 1913 1253 1973 Tacitusfuciti·

146 1991 310 2041 tronomicon
331 1993 376 2042 lib.
400 2008 423 2042 c.
444 1999 468 2044 1.
487 2000 515 2045 et
545 1995 681 2047 confirmat
721 2003 797 2048 tuton
815 1994 953 2046 minuendo
970 1991 1067 2054 verbis,
1083 1989 1151 2056 quod
1164 2004 1256 2040 revera

146 2068 253 2116 Servius
264 2068 290 2116 in
299 2068 399 2119 AEneid.
407 2083 445 2120 vr.
456 2071 490 2119 ad
498 2087 536 2120 ve.
547 2075 604 2121 ⁷24.
614 2072 682 2130 unde
721 2071 848 2136 flagitium
859 2069 919 2132 fuit,
927 2074 955 2116 et
966 2066 1088 2130 probrum
1099 2065 1191 2114 virtuti
1202 2065 1252 2114 Ro·
1336 2130 1338 2136 k

147 2141 276 2192 Horatius
288 2145 342 2192 Sat.
362 2158 393 2193 ιι.
404 2148 428 2194 ³.
445 2146 504 2194 ‘vel
525 2145 547 2194 si
566 2147 682 2196 Romano
721 2163 814 2210 manas,
825 2147 847 2196 si
858 2146 885 2194 iu
902 2144 1012 2194 eundem
1027 2156 1101 2191 usum
1111 2141 1139 2191 id
1150 2147 1255 2192 vertere

145 2215 244 2282 fatiget
256 2219 354 2268 Militia
365 2228 494 2270 assuetum
505 2222 632 2286 graecari!
721 2223 781 2274 boni
794 2222 920 2274 Quirites.

177 2295 225 2343 De
241 2293 394 2343 Graecorum
414 2296 517 2345 luxuria
529 2305 557 2346 et
573 2298 682 2364 levitate
757 2297 856 2360 ὒνωιι]
881 2297 925 2345 lto
945 2294 1081 2358 usurpavit
1099 2307 1201 2343 omnem
1221 2293 1255 2342 ri-

108 2423 111 2432 ,
147 2369 252 2418 abunde
272 2370 366 2419 Cicero
375 2372 412 2418 'in
424 2371 500 2421 Orat.
513 2387 560 2435 pro
578 2373 681 2425 Flacco.
722 2381 779 2439 tum
790 2371 974 2423 Graecanicum
984 2370 1065 2433 Nero,
1075 2374 1106 2417 ut
1116 2382 1168 2416 non
1178 2367 1256 2416 modo

145 2448 250 2498 Plinius
262 2462 309 2497 xv.
321 2455 345 2497 5.
357 2450 389 2498 de
407 2451 463 2499 oleo
480 2451 561 2500 rerba
575 2450 682 2514 faciens,
722 2458 854 2502 matronas
868 2450 1029 2514 puellasque,
1040 2444 1086 2494 sed
1097 2451 1125 2494 et
1142 2444 1255 2507 virgines

146 2524 251 2589 inquit:
269 2525 277 2551 ⁴
289 2524 371 2573 Usum
382 2525 438 2589 ejus
446 2524 478 2574 ad
489 2526 615 2575 luxuriam
627 2541 684 2575 ver·
722 2530 811 2579 Veste
820 2526 853 2576 ad
862 2526 933 2574 illum
946 2536 1054 2587 agonem
1063 2519 1209 2583 gymnicum
1220 2519 1258 2568 in·

147 2607 205 2648 tere
224 2600 324 2662 Graeci,
343 2600 463 2649 vitiorum
484 2602 596 2650 omnium
614 2602 684 2665 geni·
723 2603 821 2664 vitarit,
839 2614 912 2650 more
933 2599 1038 2659 Greco,
1059 2601 1128 2646 teste
1148 2596 1270 2645 Sueten..

148 2682 231 2736 tores,
242 2676 268 2723 in
282 2666 421 2742 gymnasiis
433 2677 608 2741 publicando)
723 2680 789 2730 Ner.
799 2682 839 2727 ln.
864 2675 926 2725 ‘Ad
945 2674 1101 2723 athletarum
1120 2677 1257 2735 spectacu-

179 2751 278 2815 ltaque
298 2765 355 2799 cum
375 2752 447 2801 Nero
468 2752 629 2815 gymnasium
640 2748 692 2803 de'·
723 2755 776 2804 lum
798 2752 917 2803 invitavit
937 2757 965 2799 et
991 2748 1103 2811 virgines
1119 2747 1256 2814 Vestales,

147 2825 275 2887 dicasset,
286 2826 312 2875 in
327 2841 378 2891 quo
395 2841 446 2875 non
459 2828 540 2879 solum
559 2828 623 2891 ipse,
637 2827 688 2877 sed
725 2831 786 2897 quia
811 2828 942 2893 Olympiae
961 2824 1064 2877 Cereris
1078 2822 1258 2873 sacerdotibus

147 2908 176 2952 et
200 2903 304 2967 equites
326 2909 353 2951 et
375 2907 508 2951 senatores
529 2902 635 2966 publice
656 2918 685 2953 se
723 2896 845 2973 spectare
854 2900 1025 2955 conceditur?

115 3000 119 3007 ·
146 2977 320 3037 exercebant,
333 2977 401 3041 quod
414 2983 492 3025 antea
502 2976 606 3027 minime
627 2977 686 3026 fieri
758 2984 831 3047 Lege
852 2987 957 3030 cautum
987 2984 1053 3037 erat,
1073 2990 1107 3024 ne
1135 2972 1258 3023 mulieres

147 3048 262 3117 solebat,
273 3054 384 3117 praebuit
401 3060 429 3103 et
448 3056 542 3117 oleum,
561 3070 612 3119 quo
632 3069 686 3103 cor·
726 3058 893 3122 Olympicum
927 3058 1061 3103 certamen
1088 3053 1256 3112 spectarent;

148 3146 217 3195 pora
232 3131 400 3193 inungerent,
418 3130 506 3179 Groeco
515 3126 648 3192 socilitate,
659 3130 686 3178 id
726 3132 927 3197 excipiebantur
944 3137 1030 3177 tamen
1050 3124 1153 3175 cereris
1182 3115 1260 3172 Anti.

148 3213 201 3269 est,
212 3214 241 3255 ut
253 3208 422 3269 interpretor,
432 3206 686 3269 indulgentia,licen-
725 3209 805 3270 atine,
819 3205 919 3270 quibus,
937 3204 970 3253 ob
983 3200 1122 3251 sacerdotii
1140 3199 1261 3263 majesta·

148 3283 197 3346 tia,
214 3290 244 3330 et
254 3284 316 3330 luxu
333 3282 437 3347 Graeco,
450 3291 593 3347 contraque
604 3283 686 3332 bonos
726 3290 789 3345 tem,
801 3281 1001 3343 concedebatur,
1017 3276 1092 3325 ludos
1109 3274 1260 3339 Olympicus

147 3356 337 3421 Romanosque
349 3372 441 3407 mores.
728 3367 857 3426 spectare.

183 3433 229 3482 lta
250 3432 342 3481 scribit
363 3432 471 3483 'lucitus
491 3434 548 3498 ipse
570 3436 616 3485 lib.
639 3448 687 3485 ιιι.
760 3433 901 3497 Facilitate]
919 3435 998 3483 Certe
1020 3431 1146 3481 hactenus
1166 3430 1288 3480 uome-

149 3510 289 3559 Neronem
307 3506 389 3557 indies
407 3510 490 3573 magis
505 3524 536 3559 ac
558 3510 639 3573 magis
660 3510 687 3559 in
729 3512 866 3577 praebitum
878 3510 963 3560 oleum
974 3506 1056 3572 plebi,
1064 3512 1094 3555 ut
1105 3498 1206 3569 annona
1217 3504 1263 3553 da·

147 3584 218 3634 vitia
241 3584 431 3647 prolabentem,
452 3586 576 3635 ‘minime
599 3601 687 3637 eruum
727 3589 813 3648 batur,
829 3585 945 3651 quamvis
964 3597 1016 3631 non
1032 3588 1084 3630 tam
1104 3580 1263 3645 frequenter,

144 3660 244 3709 'Romu
266 3660 381 3723 incipere
400 3675 501 3723 scenas,
518 3662 563 3711 sed
585 3664 689 3725 Neapo·
729 3663 776 3713 sed
786 3660 888 3711 senatui
900 3667 946 3709 ant
954 3658 1036 3724 equiti
1051 3671 1102 3707 non
1112 3657 1262 3721 praebitum.

147 3736 207 3800 lim,
217 3738 291 3799 quasi
306 3737 424 3785 Graecam
437 3738 526 3787 urbem
544 3736 689 3802 delegisse!
729 3737 768 3787 At
778 3751 846 3786 nunc
858 3737 892 3785 ob
903 3735 979 3784 ludos
998 3734 1093 3783 Graeco
1111 3748 1182 3782 more
1196 3732 1264 3782 cele·

145 3814 286 3863 ·Morceltus
298 3813 418 3861 Donatus.
729 3815 825 3875 bratos,
851 3818 879 3860 et
904 3812 1017 3860 thermas
1050 3809 1264 3873 gymnasiumque

188 3888 417 3953 Groecaforilitute]
444 3890 530 3939 Multa
548 3889 597 3939 sibi
610 3889 689 3939 licere
730 3888 823 3939 eodem
835 3887 887 3936 ritu
898 3884 1108 3946 dedicaturum
1120 3889 1202 3933 totum
1212 3897 1263 3933 ser·

149 3964 478 4029 voluerunthraecl,quae
500 3963 629 4025 indecora,
641 3978 689 4014 nec
730 3963 963 4013 vareturritueille
985 3960 1161 4028 Graecanicus,
1180 3957 1265 4020 pradi-

149 4049 282 4105 usurpata
306 4041 439 4103 Romanis,
460 4041 538 4104 quasi,
557 4038 691 4089 severiori·
730 4038 1030 4089 tmuommnsano'et
1041 4032 1264 4099 enudt'dw'fflsslt,

148 4116 219 4177 bus,
236 4123 265 4165 et
277 4116 478 4181 precipueque
489 4116 646 4179 spectabant
657 4114 690 4164 ad
728 4113 759 4166 id
776 4124 825 4183 est,
838 4116 963 4169 comitate
982 4122 1010 4165 et
1025 4110 1174 4161 urbanitate
1191 4109 1266 4159 (31ae*
1326 4161 1332 4166 .

150 4192 269 4259 theatra,
290 4191 435 4257 gymnasia,
457 4198 485 4241 et
501 4190 628 4243 exercitia
647 4190 691 4241 illa
731 4207 771 4244 ca.

1151 4334 1213 4345 ...α--
1255 4334 1264 4342 ιι
