2984 4850
140 390 282 458 soom
491 386 697 435 Annianus
721 386 797 436 ara.
820 387 887 437 xv.
1165 374 1252 445 1923

144 503 273 597 satores
283 531 438 614 objicere,
455 530 647 612 ‘prodigum
658 530 912 623 largitionibus,3
923 552 1031 616 neque
1042 534 1144 601 aliam
1156 556 1251 621 spem
1297 544 1302 555 “

145 653 247 717 quam
277 634 312 695 in
337 634 434 695 novis
463 634 572 695 rebus·
601 652 691 696 esse:
730 634 810 715 quin
832 654 907 697 eum
930 636 1078 700 homines
1104 638 1253 716 habero,4

144 734 239 817 quost
253 737 296 827 ob
310 733 462 816 epistolis
477 733 648 818 etsliboliis
673 734 915 821 et-rationibus
931 736 1102 818 appellet,⁵
1117 739 1252 805 nomina

145 931 297 991 delatoribus,
308 936 335 979 ul
346 932 381 979 illi
401 931 553 994 objectarent,
567 932 757 995 prodigentiam
775 948 850 997 opum
863 948 893 983 oc
905 933 1038 995 donorum,
1050 939 1077 983 et
1092 928 1153 983 nihil
1165 936 1201 984 iili
1212 934 1252 983 sni

144 1010 253 1071 peresse
264 998 330 1071 spei,
340 997 387 1072 nisi
397 997 424 1044 in
436 998 511 1072 rebus
523 996 649 1072 turbidis:
668 998 746 1046 immo
758 1006 786 1047 et
796 999 833 1046 illi
844 998 1090 1077 nobibsinserrire,
1100 1013 1165 1111 quos¹
1175 1007 1253 1077 rqcet

147 1059 181 1108 sb
192 1062 318 1123 epistolis,
330 1075 346 1108 a
363 1060 467 1122 libellis,
478 1068 507 1109 et
523 1062 676 1125 rationibus,
693 1077 751 1125 quoe
769 1070 829 1111 sont
848 1062 976 1112 vocsbmo
993 1076 1085 1111 sumnn
1118 1070 1251 1127 sstrgn‚et

656 1192 789 1211 enecone

139 1288 197 1333 -3
213 1284 337 1335 Heinsius
347 1285 453 1349 conjicit
462 1286 656 1348 largitum&
675 1288 741 1343 Quin
751 1303 794 1336 sco
802 1288 919 1349 ignobiles
929 1288 1022 1339 bebere.
1054 1288 1098 1339 Sic
1115 1289 1252 1339 Brotierus

139 1364 208 1399 cum
228 1351 358 1401 Homero:
375 1359 404 1399 et
419 1351 462 1399 illo
481 1352 518 1401 sic
536 1366 590 1400 rem
610 1351 730 1401 disserit:
748 1352 799 1401 ‘In
818 1354 882 1401 Mss.
902 1353 978 1405 Bodl.
990 1354 1046 1405 ies.
1059 1355 1123 1416 Reg.
1135 1354 1212 1406 coo.
1224 1362 1253 1407 et

145 1414 276 1463 editiones
288 1422 398 1478 veteres,
414 1416 470 1477 quin
486 1430 516 1464 ne
529 1415 653 1477 ignobiles.
686 1417 738 1465 Ms.
758 1416 833 1480 Heri.
851 1418 908 1481 quin
925 1417 1052 1479 ignobiles:
1072 1420 1155 1467 altera
1174 1416 1252 1473 monn

145 1477 265 1527 additum
276 1494 313 1527 ne.
349 1480 403 1527 Viri
423 1478 528 1539 cnidio,
545 1486 574 1527 ut
593 1486 743 1542 corruptum
762 1482 846 1529 locum
870 1482 1048 1545 restituerent,
1067 1481 1151 1531 varias
1169 1482 1251 1531 iniere

145 1542 212 1590 rins.
248 1544 385 1591 Rhenanus
397 1544 590 1603 emendaverat,
608 1545 727 1606 quieseant
738 1544 826 1593 nobiles
843 1546 934 1594 babere.
968 1546 1036 1607 Vox,
1052 1546 1147 1608 nobiles,
1165 1547 1253 1610 Lipsio

145 1606 241 1655 rocrito
258 1612 389 1667 suspecte,
405 1606 489 1670 iisque
509 1608 669 1669 temporibus
690 1608 813 1657 insolens.
845 1610 966 1658 Tentavit
984 1624 1045 1673 ergo
1067 1610 1179 1674 Lipsius,
1196 1611 1253 1674 quin

144 1684 199 1717 eum
210 1672 330 1718 manlios
339 1670 430 1719 babere.
463 1672 586 1734 Kymaios,
597 1673 653 1734 quis
669 1687 722 1721 eum
741 1673 845 1721 homines
861 1674 954 1723 boloe.
979 1674 1015 1724 u.
1027 1674 1185 1737 Gronovius,
1196 1676 1253 1738 quia

143 1734 411 1784 esmobidetbobere.
444 1736 510 1787 Quae
521 1750 608 1784 omues
618 1736 822 1798 conjectationes
839 1752 854 1785 a
874 1738 945 1786 libris
965 1738 1102 1800 plurimum
1118 1740 1253 1800 recedunt,

144 1798 263 1861 nihilque
282 1799 472 1859 probabilitatis
489 1800 594 1848 babent.
628 1801 684 1863 Ego
703 1814 765 1849 rero
783 1802 842 1849 nori
863 1816 878 1850 a
896 1800 1041 1862 Priscisno,
1057 1803 1075 1850 l.
1088 1801 1253 1851 avulsisti.

144 1862 279 1915 observari
289 1878 318 1911 ne
330 1864 426 1912 dictum
437 1878 492 1911 esse
506 1878 644 1927 pronoque.
678 1863 715 1913 At
733 1864 877 1913 obsoletam
892 1867 958 1913 banc
971 1865 1123 1927 particulam
1135 1881 1151 1915 o
1161 1866 1253 1914 Tacito

145 1924 227 1973 fuisse
239 1936 389 1989 usurpatam
401 1927 504 1976 minime
515 1927 679 1977 crediderim.
711 1928 805 1991 Neque
822 1928 882 1977 olirn
895 1928 1020 1991 scriptum
1033 1928 1134 1991 opinor,
1146 1944 1174 1978 ne
1185 1929 1253 1989 igno-

145 1988 205 2037 biles
214 1992 315 2053 quidm.
348 1991 441 2054 ltaque
451 1990 533 2050 edidi,
542 2006 584 2040 neo
595 1992 716 2055 ignobiles,
727 1992 818 2040 eodem
831 2006 924 2052 sensu;
942 2006 990 2041 nec
1003 2008 1018 2040 a
1036 1992 1155 2041 codicum
1174 1992 1254 2056 scrip·

145 2060 216 2113 tura,
228 2056 369 2118 horumque
380 2062 525 2118 temporum
537 2070 583 2104 usu
596 2057 681 2103 aliena
692 2056 847 2106 emendatio.
880 2058 952 2105 Tunc
964 2058 1033 2105 enim
1049 2057 1091 2106 vel
1103 2056 1167 2119 ipsis
1178 2058 1254 2105 Prin·

140 2118 249 2180 cipibus
259 2120 344 2167 liberti
355 2126 455 2169 tantum
466 2127 542 2169 erant
552 2120 722 2182 abepistolis,
738 2135 755 2168 s
771 2120 922 2181 rationibus,
942 2135 958 2168 a
976 2121 1079 2170 libellis.
1113 2122 1210 2185 Neque
1225 2122 1252 2168 id

145 2187 278 2233 motatum
288 2190 349 2233 ante
359 2184 460 2232 Vitellii
470 2190 674 2247 temporateste
683 2184 778 2233 Tocito
788 2184 858 2233 Hist.
867 2198 886 2233 1.
898 2189 938 2233 58.
956 2186 963 2213 ‘
977 2186 1099 2234 Vitellius
1110 2186 1254 2237 ministeria

146 2246 318 2310 principatus,
329 2262 375 2310 per
387 2247 493 2297 libertos
508 2249 551 2310 agi
567 2248 653 2309 solito,
669 2249 694 2296 in
712 2248 813 2311 equites
826 2250 955 2297 Ronranos
966 2249 1097 2312 disponit!
1131 2250 1214 2300 Immo
1225 2251 1253 2311 iii

146 2308 192 2357 rix
201 2310 274 2358 brevi
288 2310 384 2360 Vitellii
396 2311 506 2374 imperio
517 2312 615 2360 valuit:
632 2312 654 2360 si
673 2311 776 2374 quidem
794 2312 946 2375 Spartianus
965 2312 998 2362 de
1018 2314 1151 2361 Hadriano
1163 2322 1253 2363 narret

147 2388 171 2423 c.
183 2377 223 2423 bi.
240 2376 247 2401 ‘
260 2375 292 2422 ab
304 2376 421 2438 epistolis
433 2381 461 2423 et
473 2391 488 2423 a
498 2376 591 2425 libellis
601 2377 699 2439 primus
708 2375 883 2489 (Hadrianusg
895 2376 996 2440 equites
1005 2377 1133 2426 Romanos
1152 2377 1253 2427 habuit.

144 2437 191 2488 sic
202 2439 317 2488 Brotier.
354 2439 465 2490 Budens.
481 2441 522 2503 qui
532 2456 562 2489 ne
577 2440 691 2489 innobiles
708 2441 801 2489 babere.
833 2440 863 2489 In
884 2441 994 2490 ennon.
1006 2441 1113 2504 conjicit
1129 2441 1185 2503 quin
1201 2457 1254 2490 eom

139 2503 190 2550 rel
208 2505 266 2566 quis
285 2505 357 2552 elisos
372 2504 460 2553 nobiles
477 2506 569 2554 loide.
604 2504 696 2567 Heius.
709 2519 800 2567 parum
818 2504 919 2554 obludit
938 2519 952 2553 a
971 2503 1078 2568 scripto,
1096 2505 1254 2568 conjectans,

145 2566 206 2629 quin
216 2569 495 2618 eummoilultobero,
528 2568 616 2630 Magis
634 2569 697 2616 inde
714 2568 843 2618 recedunt
862 2569 922 2632 Bip.
935 2568 1044 2632 vestigia
1058 2571 1176 2631 legentes
1188 2569 1254 2620 Gru·

146 2631 226 2692 oovii,
244 2633 287 2694 qni
304 2634 361 2693 quis
379 2648 432 2682 eum
448 2633 537 2681 nobiles
554 2633 651 2692 babet;
668 2640 696 2680 et
715 2632 883 2695 recipientes,
900 2633 957 2695 quin
977 2647 1030 2682 eum
1046 2633 1142 2682 libertos
1160 2633 1253 2684 babere

146 2695 289 2757 Vulgarum
301 2704 375 2745 tenet
385 2697 527 2745 (lutherius
540 2697 571 2744 de
584 2689 639 2746 Off.
650 2696 719 2745 dom.
732 2695 800 2759 Aug.
811 2709 854 2746 ιιι.
866 2702 890 2745 b.
906 2696 995 2748 nolite
1013 2698 1139 2762 ingenuos
1159 2696 1254 2748 intelli·

145 2773 219 2821 gens,
231 2774 338 2822 quorum
348 2774 389 2808 res
401 2761 524 2810 arctiores
535 2768 630 2810 essent.
663 2760 729 2809 Mihi
741 2760 835 2824 Ryckii
847 2761 997 2824 conjecturs
1008 2761 1174 2826 praeferendo
1185 2763 1254 2811 vide-

143 2823 1253 2951 {nollunttintinnis“substituerit‘lbibunt?

144 2953 285 3015 appelleret.
318 2951 349 3000 Io
361 2953 412 3002 Ms.
424 2953 499 3002 Harl.
510 2954 635 3016 appellare.
1247 2926 1255 2954 '

649 3137 757 3189 NOTAE

145 3248 569 3312 liaproneptis‚.etmaterSi1uui
586 3249 683 3313 sbuep-
722 3248 806 3305 uenti.
838 3248 890 3304 Qui
900 3249 971 3300 enim
981 3247 1025 3302 isti
1044 3254 1096 3304 tntu
1111 3247 1173 3298 viles
1184 3249 1254 3305 nobi-

147 3325 181 3380 tis
192 3324 306 3388 Augusti
316 3325 376 3377 fuit.
716 3323 979 3388 .les,quislterisuse
996 3323 1072 3375 sortis
1090 3324 1123 3376 ιιι
1141 3323 1256 3378 toleoffi-

181 3400 221 3450 Μ.
232 3400 408 3464 sinouspater
418 3403 492 3455 istim
500 3402 594 3454 siloni.
618 3402 681 3454 iun.
722 3401 791 3451 cium
814 3414 842 3450 se
863 3399 1064 3456 submitterent?
1104 3401 1187 3456 Immo
1207 3415 1256 3450 nec

142 3475 251 3527 Silanus
260 3491 328 3539 sous,
338 3477 383 3540 qui
393 3479 501 3530 moritus
511 3477 621 3527 AEmiliae
633 3478 682 3531 Le-
721 3476 856 3540 principes
872 3475 932 3539 ipsi,
943 3475 1043 3527 nobiles
1053 3475 1086 3526 ad
1097 3490 1135 3532 ,eo
1149 3490 1255 3529 munero

145 3550 227 3615 pide.
258 3553 375 3611 AEmiiios
392 3555 490 3606 Paulos
506 3569 616 3618 procoss,
637 3554 682 3618 qui
719 3551 1043 3618 habebantsediibertos.

147 3629 188 3676 vir
197 3628 275 3678 Joliae
286 3632 372 3693 neptis
383 3631 452 3693 Aug.
463 3632 501 3680 Μ.
512 3630 632 3694 Agrippa
642 3631 682 3680 ιιι-
756 3627 857 3682 Primus
892 3627 1011 3680 Vitellius
1043 3627 1138 3693 (verbo
1169 3627 1256 3686 Taciti

139 3718 217 3766 unu,
226 3704 271 3768 qui
282 3706 322 3754 vir
331 3706 411 3756 dutiae
420 3705 482 3759 filia
496 3706 618 3769 Augusti,
628 3705 683 3755 Αιι-
724 3701 795 3753 Hier.
807 3701 841 3766 ι.)
858 3703 866 3730 ‘
877 3702 1021 3752 assistetis
1031 3703 1193 3768 principatus
1209 3717 1256 3768 per

145 3785 343 3842 possusumus,
355 3782 400 3844 qni
411 3788 488 3844 peter
499 3783 587 3843 Julius.
716 3777 890 3841 libertosugi
910 3778 996 3841 solita,
1007 3778 1033 3828 in
1045 3780 1147 3846 equites
1163 3782 1256 3832 Roma·

180 3861 191 3885 ·
205 3855 238 3904 ln
248 3856 404 3920 nooirrebss]
421 3858 464 3906 Ita
476 3866 505 3906 ut
520 3858 547 3906 iu
565 3857 635 3906 bello
646 3857 682 3907 ci·
723 3868 770 3902 nos
781 3853 926 3917 disposuit!
953 3854 1005 3904 sed
1017 3869 1065 3906 nee
1077 3869 1108 3906 ea
1118 3855 1255 3924 dispositio

140 3930 193 3980 sili
202 3931 284 3981 solum
293 3932 344 3995 ipsi
353 3947 412 3995 spes
421 3933 601 3982 relictaesset.
613 3933 682 3983 Vide
722 3929 808 3982 filma„
828 3928 879 3978 Vix
890 3936 975 3992 coepta
987 3931 1068 3980 obiit:
1086 3944 1169 3994 eoque
1178 3929 1255 3992 Spur-

144 4007 256 4058 Soeton.
270 4007 326 4058 Jul.
715 4006 807 4062 ,tianm
817 4006 978 4056 Hadrianum
985 4007 1054 4070 imp.
1062 4007 1134 4072 quasi
1144 4006 1255 4069 primum

180 4083 189 4114 ⁸
206 4083 322 4132 Homines
331 4081 501 4146 bebornqrms]
517 4083 603 4146 Vulgo
616 4081 681 4132 sobi·
722 4083 922 4146 suc'toremeJus
934 4083 972 4132 rei
983 4083 1087 4134 iaudat:
1106 4082 1138 4132 ab
1155 4081 1256 4143 Episto-

144 4151 181 4209 lo
195 4158 291 4222 legunt
310 4173 359 4221 pro
378 4157 496 4208 m.-
512 4165 540 4208 at
558 4157 682 4210 nobilium
722 4159 764 4221 lis,
779 4159 1054 4224 sLibellis,‘primus
1066 4159 1164 4224 equites
1179 4157 1253 4214 Rom.

36 4298 41 4306 .
146 4247 200 4286 rou
218 4233 283 4302 mibi
299 4238 522 4300 mspoemsume
531 4232 683 4286 sitierant·
722 4235 830 4289 bsbuib'
1238 4272 1243 4286 ι

1260 652 1303 828 ι

1286 833 1296 854 J
