2984 4850
226 373 313 442 llm
578 385 608 434 0.
632 383 813 434 nonnam
836 384 965 434 'laum
1177 389 1269 471 [μζ
1278 397 1334 445 814.

727 585 835 638 Nom

259 739 338 802 Nam,
349 735 443 802 inquit,
454 735 761 786 adolescentulossecun·
800 734 968 799 fungebatur.
1000 735 1036 788 Et
1054 734 1130 788 simol
1150 740 1183 790 de
1199 735 1338 804 judicandi

227 815 255 866 di
263 815 370 876 ordinis,
379 813 435 879 (qui
447 813 588 875 conscripti
605 813 658 862 sint
668 827 762 874 coguo-
801 828 908 862 munere
917 814 944 862 in
956 828 1061 877 genere.
1095 818 1130 866 Et
1138 818 1209 867 circe
1219 817 1277 867 baec
1288 819 1340 873 tria

228 898 316 943 mento
337 890 555 953 Augustanornm,
581 889 718 952 aliquando
735 890 763 938 in
803 891 926 955 occupati
937 893 1113 955 magistratus.

227 969 346 1019 decurias
369 967 488 1031 judicum
510 965 661 1030 allegendi)
686 981 762 1030 para·
835 970 963 1018 Justitiaar
983 971 1091 1035 ugerii]
1123 971 1195 1020 Puto
1218 972 1341 1036 repeteri-

229 1047 281 1096 tins
302 1053 328 1095 et
348 1045 490 1107 religiosius
511 1059 602 1092 causas
621 1045 764 1106 audituros,
803 1045 864 1094 datu
876 1052 905 1095 et
916 1047 1118 1095 continuandum
1136 1062 1240 1097 sensnm
1252 1063 1285 1097 ex
1297 1062 1341 1096 an·

179 1169 183 1178 .
229 1125 252 1174 si
270 1125 384 1172 molliter
403 1129 431 1171 et
448 1121 525 1170 dulce
544 1123 648 1171 canenti
665 1121 763 1169 Caesari
803 1121 986 1170 tecedentibns
1008 1122 1058 1182 bis,
1082 1128 1111 1170 nt
1135 1138 1244 1185 proceres
1265 1124 1342 1186 specie

229 1199 369 1250 artificiose
389 1197 520 1262 plaudere,
540 1203 568 1246 et
588 1197 665 1247 docte
686 1207 763 1264 atque
803 1198 945 1260 orationum,
965 1199 1007 1260 dfe.
1027 1195 1130 1250 'Quasi
1149 1199 1271 1258 diceret;
1307 1214 1342 1248 aa

228 1275 362 1338 ingeniose
375 1274 518 1324 acclamare
530 1273 699 1323 didicissent?
804 1274 915 1324 Romani
935 1289 1058 1336 proceres
1080 1275 1147 1323 tales
1168 1288 1268 1338 pugnas
1292 1289 1342 1338 pre

262 1352 331 1401 Nam
343 1351 392 1401 boc
407 1357 448 1401 est
463 1353 541 1414 perite
551 1353 642 1414 audire,
654 1358 683 1399 ut
694 1352 764 1416 apud
804 1351 899 1399 militia
912 1357 940 1399 et
959 1350 1035 1399 armis
1047 1365 1115 1400 nttnc
1126 1351 1344 1400 meditabuntur?

229 1427 382 1478 Suetonium
394 1443 451 1491 cap.
463 1433 504 1477 22.
522 1428 615 1476 ‘Solos
635 1429 701 1477 scire
722 1444 765 1477 an·
807 1440 839 1474 an
852 1439 974 1488 proceres
985 1425 1022 1472 illl
1032 1425 1075 1486 jar
1091 1425 1165 1474 aba
1179 1425 1277 1490 cancii
1291 1439 1344 1476 nte·

179 1491 190 1502 ⁵
231 1503 767 1568 direGraecos‚plausibtrspersonarefor·
806 1501 1045 1549 liusexercebnnt?
1071 1501 1216 1566 anetipsae
1227 1501 1342 1552 decuria

230 1596 349 1645 mamque
370 1581 495 1644 principis
515 1587 544 1629 ct
562 1595 653 1629 vocem
678 1583 766 1630 Deum
806 1578 911 1640 equitum
929 1577 1053 1639 egregiam
1065 1578 1192 1638 judicandi
1203 1593 1344 1628 meamea·

231 1659 363 1710 vocabulis
374 1657 506 1720 appellare
518 1657 533 1717 ;'
550 1657 766 1720 quemadmodum
807 1655 918 1718 plebnnt
938 1654 1100 1720 prudentius,
1116 1653 1139 1702 ri
1154 1654 1249 1714 senem
1267 1669 1346 1718 moe,

231 1735 420 1797 interpretetus
433 1733 489 1796 ipse
498 1734 607 1782 Tacitus
620 1748 643 1784 c.
654 1738 694 1782 15.
807 1736 848 1795 tre.

266 1809 343 1861 Quod
366 1809 427 1873 quia
448 1807 527 1858 flebat
548 1809 650 1858 assidue
672 1811 722 1858 dies
742 1816 767 1859 et
840 1809 936 1875 ltaque
952 1809 1022 1872 lego,
1042 1825 1074 1858 rs
1091 1806 1135 1869 jar
1151 1809 1222 1857 eliam
1239 1808 1346 1869 amuli.

231 1885 385 1950 nocteqideo
393 1886 492 1950 justior
503 1886 559 1934 lraec
570 1885 665 1934 invidia
676 1886 702 1934 in
714 1893 768 1935 tam
808 1887 844 1936 Et
860 1886 890 1934 rb
908 1888 981 1936 etiam
995 1894 1101 1937 emanat
1120 1901 1153 1936 ex
1173 1883 1347 1949 praecedenti·

233 1965 300 2014 male
312 1963 453 2026 perdentes
470 1968 581 2024 tempus,
601 1961 669 2026 qnod
690 1963 769 2012 collo·
809 1964 867 2024 bus,
887 1980 920 2013 an
948 1979 1070 2027 proceres
1089 1979 1133 2014 eas
1155 1979 1255 2028 pugnas
1275 1964 1347 2022 thea-

234 2054 294 2090 care
307 2041 435 2090 deberent
444 2040 470 2087 iu
479 2039 642 2087 sanctissimo
649 2039 770 2101 judicum
809 2041 888 2088 traler
897 2039 1113 2090 meditabuntur?
1132 2040 1210 2100 cajus
1220 2040 1294 2088 edium
1304 2054 1347 2088 aas

234 2114 318 2172 efficio
341 2115 477 2177 discendo,
497 2114 540 2162 cui
562 2114 770 2165 destinabantur.
808 2116 877 2178 gerii
898 2116 990 2166 melius
1011 2115 1174 2165 exercebunt
1196 2115 1255 2164 illi?
1286 2115 1348 2164 Non

235 2191 378 2240 armona
810 2207 914 2256 prorsus
933 2193 1053 2257 improbo
1069 2192 1207 2242 lectionem
1225 2197 1272 2240 aut
1290 2204 1348 2238 sen·

266 2268 318 2316 Hic
330 2268 435 2317 lacessit
447 2262 532 2318 obiter
543 2267 701 2331 Gronovius,
712 2283 770 2318 nos·
811 2285 866 2319 snm
878 2269 1018 2318 Plchente:
1043 2270 1089 2320 sed
1108 2277 1195 2320 tamen
1213 2267 1352 2330 Augustani

233 2350 304 2393 trum
313 2344 485 2408 interpretem
498 2345 635 2405 Gallicum,
653 2346 698 2410 qui
718 2362 770 2396 non
810 2347 847 2395 illi
859 2347 948 2409 equites
960 2345 1081 2407 Neronis,
1092 2360 1125 2393 an
1139 2344 1252 2393 instituti
1263 2343 1296 2392 ad
1305 2343 1349 2408 ju·

235 2421 273 2471 ita
285 2429 405 2485 ungatur,
416 2421 477 2486 quin
488 2419 557 2472 sorte
568 2437 657 2472 verum
669 2438 771 2473 sentum
812 2423 972 2473 dicandum?
996 2425 1074 2472 immo
1093 2420 1219 2484 instituti,
1238 2429 1269 2470 ut
1290 2419 1349 2470 dier

236 2500 318 2547 Taciti
337 2512 383 2548 sno
402 2499 487 2561 modo,
506 2499 532 2547 id
551 2504 599 2560 est,
617 2499 700 2548 libera
715 2514 772 2549 ver·
811 2506 956 2563 noctesque
977 2498 1047 2561 apud
1066 2498 1195 2547 theatrum
1213 2494 1350 2559 plausibus

236 2574 308 2623 sione
331 2575 460 2637 attigerit,
483 2582 513 2625 ut
534 2588 593 2623 mox
616 2573 771 2625 videbimur.
813 2580 992 2638 personarent,
1002 2572 1165 2638 formamque
1173 2572 1300 2636 principis
1310 2585 1352 2619 vo·

237 2650 313 2702 Quod
326 2656 411 2698 antem
422 2650 540 2712 pertinet
551 2650 583 2699 ad
591 2650 686 2709 fructos
694 2666 771 2714 sonos,
812 2664 921 2715 cemqne
931 2652 1018 2700 Deum
1028 2649 1161 2699 vocabulis
1169 2648 1352 2711 appellarent;

236 2726 263 2774 ni
283 2734 355 2775 certe
375 2726 474 2788 molles,
490 2738 520 2774 ac
539 2740 585 2774 non
605 2726 704 2785 uirilem·
725 2726 772 2776 sed
813 2736 979 2793 ceteramque
990 2728 1123 2777 lasciuiam
1141 2727 1216 2777 simul
1233 2741 1293 2775 enm
1304 2726 1352 2775 'un-

236 2810 325 2852 tamen
338 2800 504 2865 pertinebant
515 2801 547 2849 ad
560 2806 652 2852 artem.
812 2812 932 2869 peratore
945 2806 1070 2855 saltatore
1081 2810 1110 2853 et
1120 2802 1262 2854 citbatoedo
1276 2814 1354 2853 exet·

270 2878 305 2927 Et
316 2884 400 2939 certe,
412 2876 509 2941 quidni
522 2877 671 2939 pertineant
681 2879 773 2933 molles
814 2888 916 2932 carent.

238 2962 266 3007 et
278 2954 357 3015 sandi
371 2954 423 3003 sori
444 2954 477 3003 ad
497 2954 622 3003 marsicum
633 2961 779 3020 certamen,
847 2956 886 3007 At
897 2962 1040 3021 potnerunt
1051 2955 1177 3005 destinari
1188 2955 1251 3005 olirn
1268 2959 1297 3003 et
1314 2963 1355 3003 ar·

239 3032 308 3096 quod
319 3030 425 3080 Tacitus
437 3036 514 3079 vocat
526 3030 576 3091 bic,
593 3030 694 3079 accitum
705 3031 774 3079 lorei-
814 3033 864 3082 ciri
879 3033 1136 3097 tandemaliqnando
1146 3032 1175 3081 in
1184 3031 1354 3095 acerrimae

238 3106 567 3171 nonantulanorum
592 3113 620 3155 et
631 3104 688 3170 q'nae
706 3106 774 3156 ludis
815 3109 885 3158 inter
906 3108 1012 3172 jndices
1038 3109 1193 3173 ‘egregium
1215 3106 1355 3171 judicandi

238 3182 357 3233 faventes
377 3182 445 3232 infra
460 3184 603 3246 appellant,
618 3183 710 3231 ‘aures
722 3190 775 3231 rtu-
815 3198 908 3233 munus
919 3182 1043 3247 explere?

241 3259 289 3309 diis
299 3259 413 3309 honestis
432 3265 461 3307 et
479 3259 657 3322 volnptatibus
668 3274 776 3309 conces·
849 3261 929 3310 Certe
938 3260 1002 3309 nibil
1011 3259 1044 3309 de
1054 3274 1087 3309 ea
1096 3274 1125 3309 re
1136 3258 1262 3322 cogitavit
1269 3259 1356 3321 Nera,

241 3334 276 3383 sis
287 3335 422 3399 impartire
430 3335 446 3382 i’
470 3336 506 3383 Et
517 3336 565 3385 boc
576 3342 648 3385 certe
660 3336 776 3386 studium
816 3350 876 3385 eum
887 3349 931 3384 eos
942 3335 1104 3399 institueret,
1112 3349 1162 3385 nee
1173 3336 1283 3385 'facitne
1295 3335 1354 3399 ipse

240 3426 282 3462 ars
294 3408 345 3460 soit
356 3410 417 3469 talis,
428 3410 568 3473 voluptatis
579 3412 678 3461 aurium
697 3418 724 3459 et
736 3426 777 3461 so·
815 3412 866 3462 boc
877 3413 951 3462 loco:
978 3419 1007 3462 et
1026 3412 1102 3463 nimis
1114 3412 1195 3465 distat
1206 3411 1355 3465 laertem

241 3500 333 3536 nomm
344 3500 374 3535 ac
386 3492 509 3535 canttutm
520 3486 645 3537 hocloco.
670 3488 777 3537 Utrum·
817 3504 834 3538 a
849 3489 982 3539 veteribus
1002 3490 1066 3539 ldae.
1085 3496 1112 3537 et
1131 3490 1240 3552 propina
1254 3488 1356 3541 instan-

242 3577 293 3628 que
303 3563 401 3611 babent
410 3563 470 3625 roni,
482 3568 509 3611 ut
520 3562 598 3613 fracti
619 3563 679 3625 sint,
698 3570 725 3613 et
744 3563 778 3612 ad
818 3564 880 3613 dunt
904 3564 1116 3629 'ltaerendnmque
1147 3563 1243 3622 textui,
1270 3562 1357 3614 veteri

243 3645 327 3689 artem
349 3638 514 3701 pertineant:
544 3648 571 3689 et
590 3640 686 3690 talibus
708 3640 778 3701 sonis
818 3640 965 3703 praecipue,
986 3654 1047 3690 curn
1067 3654 1172 3691 tenram
1192 3639 1358 3691 commodum

229 3714 354 3765 ‘eruditae
365 3728 448 3777 autres,
459 3722 489 3765 ut
500 3716 568 3765 oculi
577 3730 623 3766 suo
635 3716 710 3767 modo
726 3717 780 3781 pio·
819 3716 931 3780 aliquem
942 3716 1039 3766 elicere
1050 3714 1091 3765 fas
1103 3720 1151 3765 ert.

244 3792 279 3843 tis
291 3790 420 3841 coloribus
433 3792 520 3854 periti.
853 3792 947 3843 Potius
958 3801 1008 3856 est,
1016 3799 1046 3841 nt
1057 3793 1238 3857 quodcumque
1253 3792 1300 3856 jus
1310 3788 1361 3855 ibi,

277 3867 446 3929 deindidem
456 3868 564 3931 otgarii]
589 3871 662 3933 sunt,
673 3869 717 3935 qni
729 3869 781 3921 tria
821 3876 850 3920 et
859 3884 1049 3934 quemeumque
1064 3869 1184 3932 judicem
1193 3869 1282 3919 obiter
1297 3868 1359 3919 atti·

244 3946 287 3995 liic
310 3944 480 4008 distinguant,
500 3953 594 4009 nempe
608 3946 650 4007 jus
671 3948 779 4009 suarii,
820 3946 890 4011 gerit
898 3946 1023 4006 'l’aeitne3
1046 3960 1106 3995 mm
1116 3944 1203 3997 infra:
1221 3944 1359 3997 ‘neceni-

245 4022 354 4075 decsrios
372 4021 483 4084 equitnm,
504 4028 532 4071 et
546 4022 670 4081 judicandi
686 4038 777 4073 marre.
820 4036 897 4088 qnam
904 4020 1094 4086 judieigrave,'
1112 4024 1161 4072 dac.
1339 4065 1344 4074 ,

245 4101 282 4153 Et
298 4095 366 4147 forte
377 4095 474 4161 aliquid
486 4096 570 4145 obiter
579 4097 662 4147 innuit
671 4098 779 4149 Tacitus
852 4100 888 4149 lit
896 4099 968 4148 bisce
978 4098 1066 4149 verbis
1076 4096 1175 4148 refellit
1181 4097 1291 4148 Tacitus
1300 4097 1357 4162 ipse

247 4176 281 4225 de
300 4174 361 4235 jure
380 4170 522 4235 pontificio,
540 4179 568 4223 et
588 4172 621 4221 de
638 4180 781 4239 potestate,
821 4177 1003 4239 interpretem,
1015 4176 1060 4241 qui
1077 4174 1361 4239 affirmet511iclseer-

248 4265 300 4319 qna
311 4263 404 4303 censor
415 4249 531 4315 legendis
539 4249 657 4315 equiturn
668 4250 782 4307 neemia
823 4253 1011 4307 narencium
1028 4252 1139 4307 solnm
1158 4258 1262 4305 tantum
1279 4251 1359 4307 dcce-
