2984 4850
144 380 284 446 nem
484 372 691 425 auusuruu
717 375 791 426 usu.
814 375 895 425 ιη.
1163 358 1252 428 ms

190 515 247 581 37.
269 511 323 577 Ac
348 512 494 596 primum
513 510 603 592 legio
622 508 728 593 gradu
742 511 907 587 immota,l
919 513 955 573 et
977 509 1148 591 augustius
1169 512 1251 579 lociq
1354 524 1358 535 ’

146 636 209 700 pro
244 615 448 681 munimento
475 614 632 689 renuens,
669 620 849 697 postquam
881 613 1023 696 propius
1056 631 1252 695 suggressus

143 718 287 783 bostis¹¹
308 722 399 787 certo
417 716 512 800 jactu
526 717 601 780 'tela
615 717 839 791 exhauserat‚²
850 721 862 749 ⁸
873 712 972 779 velut‘
997 722 1115 778 ouueo³
1130 716 1250 799 erupit.

177 900 215 947 Ac
231 899 337 961 primum
353 897 415 959 legio
423 897 525 949 conse
535 896 640 957 immoto,
649 902 672 945 el
680 902 760 947 metus
772 896 857 954 sesses
869 896 946 959 ossspi
961 911 1005 959 prs
1020 897 1082 945 ullo
1093 897 1189 963 iuben,
1199 898 1252 961 sbi,

142 964 241 1026 propius
251 966 374 1011 secedente
385 962 458 1025 boste,
467 962 532 1011 salio
542 960 614 1013 irrito
623 962 672 1010 ictu
680 963 727 1010 lelu
735 962 855 1020 miserat,
865 962 940 1009 oelsti
951 974 1022 1009 osseo
1029 963 1149 1025 prorupit.
1183 962 1251 1013 Idess

291 1096 294 1101 .
366 1096 375 1113 ·
614 1083 790 1104 ”enecante

146 1171 206 1233 lem,
216 1176 298 1221 certus
312 1176 411 1228 etenim
426 1171 463 1222 sic
498 1171 588 1220 eMss.
601 1170 667 1235 Reg.
681 1169 744 1233 Agr.
757 1170 831 1219 Bodl.
852 1169 930 1220 Corb.
946 1177 975 1219 et
993 1168 1121 1219 editiones
1140 1176 1251 1222 veteres.

148 1236 289 1284 Rhenanus
301 1236 398 1298 primns
410 1186 501 1298 cariffi
517 1241 621 1285 mestun
654 1234 733 1283 Hasd
752 1241 838 1283 tamen
852 1234 964 1283 insolens
980 1234 1124 1294 abistivns3
1140 1248 1172 1283 eo
1190 1247 1252 1286 usu

148 1307 186 1349 est
197 1300 319 1348 Valerius
337 1301 448 1348 Flaccus
459 1297 605 1363 Argonaut.
616 1312 636 1347 1.
646 1298 718 1347 ³66}
732 1298 876 1347 Deucalion
884 1305 974 1348 certus
984 1297 1088 1362 jaculis,
1098 1305 1125 1346 et
1135 1298 1251 1348 cominus

148 1377 207 1411 ense
220 1363 325 1411 Nobilis
336 1361 486 1425 Amphion)
503 1364 611 1414 Brolim
642 1362 757 1411 Bndeus.
768 1368 832 1411 certo
842 1366 934 1411 events.
1041 1386 1048 1397 ·

178 1432 191 1475 1
210 1427 356 1490 Perperam
371 1429 427 1477 nec
445 1427 562 1477 Picheua
579 1427 613 1476 ad
631 1426 718 1475 hostes
736 1426 825 1487 retest,
845 1426 889 1489 qni
911 1426 1035 1475 adversus
1053 1427 1181 1476 Romanos
1196 1426 1251 1477 tels

147 1491 307 1540 exhausere:
317 1498 344 1541 et
356 1505 414 1540 cnm
423 1492 500 1555 psnci
511 1490 654 1541 ceciderint
666 1490 782 1553 Romani,
789 1491 878 1539 incerto
889 1490 1011 1540 emendat
1020 1503 1067 1554 pro
1077 1493 1150 1540 cerlo.
1176 1490 1251 1540 Beue

148 1555 187 1604 Cl.
200 1554 336 1616 Gordou,‘
348 1556 387 1604 till
396 1557 440 1605 the
454 1570 546 1617 enemy
554 1555 606 1604 bad
615 1548 749 1604 adsauced
759 1555 846 1604 within
864 1568 948 1604 across
961 1555 1028 1616 sbot,
1044 1555 1096 1603 sud
1108 1554 1251 1605 ssbsnsted

149 1620 180 1666 all
192 1618 262 1668 their
280 1618 369 1669 darts.'
403 1620 516 1683 llinrpby
527 1620 656 1683 quoque,‘
668 1618 721 1666 'l'ue
730 1618 836 1667 Britons
847 1619 982 1667 wrancad
993 1618 1056 1668 ssitb
1067 1617 1189 1681 ferocity,
1199 1618 1251 1667 and

146 1682 302 1745 dischargcd
325 1683 392 1731 tbeir
412 1683 484 1731 darts
504 1688 532 1731 at
552 1681 677 1731 raudonu!
709 1682 811 1744 lipsius
825 1680 934 1745 praefert
954 1682 1088 1745 aggressis
1107 1683 1251 1731 neno.-

147 1750 163 1793 2
180 1746 211 1796 lu
232 1747 298 1796 Mas.
311 1746 388 1797 Harl.
404 1746 460 1799 Jes.
479 1748 635 1797 exhauserant
647 1759 693 1811 pro
703 1746 901 1795 assuesce-s
919 1745 963 1795 Ita
983 1746 1048 1795 Mss.
1065 1746 1191 1796 editiones
1208 1760 1252 1795 se·

181 2010 193 2042 Ρ
213 2002 298 2052 &udo
306 2002 415 2066 immoto]
432 2003 500 2056 Quia
508 2004 542 2053 ob
550 2003 682 2067 augustias
722 2006 794 2051 sent:
805 2006 859 2052 tum
870 2002 985 2052 emisisse
996 2002 1138 2067 telaiisque
1148 2003 1252 2052 demum

149 2078 209 2138 ioci,
228 2079 307 2128 statio
323 2080 367 2127 illa
385 2092 433 2142 pro
455 2080 613 2131 munimento
632 2078 683 2128 luit
722 2078 864 2140 exhaustis,
881 2078 974 2140 (bootia
988 2092 1127 2141 κανων
1141 2074 1264 2129 sebosa!

149 2154 308 2216 legionariis,
320 2169 352 2203 ue
369 2153 446 2218 pauci
462 2155 511 2218 ipsi
529 2153 683 2203 circumdari
721 2158 770 2214 rut,
780 2154 830 2203 boc
849 2160 900 2216 est,
919 2162 1022 2205 canum
1038 2154 1195 2218 dederat,ut
1209 2168 1254 2205 ex·

148 2244 163 2277 a
175 2236 250 2280 tantu
260 2230 426 2280 multitudiue
437 2230 548 2280 bostium
567 2236 681 2295 possent.
722 2227 907 2294 haurirentnr‚)
916 2230 1043 2293 erupisse,
1054 2237 1133 2295 alque
1150 2246 1253 2281 rnaunm

148 2306 221 2359 Artis
235 2304 419 2369 imperatoriae,
428 2306 568 2369 etquidem
578 2321 682 2357 snmnrae
722 2305 838 2355 cominus
849 2307 1018 2356 conseruisse.
1261 2345 1264 2349 .

149 2380 208 2444 icit,
226 2381 265 2431 sic
282 2381 364 2432 aciem
387 2382 527 2446 ordinasse,
537 2389 573 2448 ¹et
590 2397 684 2448 expec-
754 2381 885 2431 Monitum
902 2381 935 2431 de
956 2395 1008 2430 uon
1022 2380 1151 2445 jaciendis
1169 2379 1196 2429 iu
1209 2394 1252 2430 ru-

150 2465 219 2508 tasse
232 2455 342 2508 hostem.
723 2471 783 2506 unm
806 2458 874 2519 telis,
893 2457 966 2506 bouis
989 2458 1098 2507 ducibus
1118 2457 1255 2507 usitatissi·
1325 2467 1329 2476 ·

180 2532 344 2594 lsisgsstios
362 2533 418 2597 locs]
451 2534 553 2599 Nempe
576 2541 683 2599 propter
723 2530 1010 2596 mnmseurperfuit,et
1027 2532 1136 2597 perinde
1153 2532 1255 2583 notissi-
1279 2573 1285 2587 ,

151 2607 312 2670 paucitatem
329 2609 536 2672 legionariorum.
571 2610 641 2663 Quid
658 2625 683 2660 e·
722 2625 801 2658 mum.
833 2646 835 2650 .

150 2683 202 2732 uim
212 2684 281 2746 legio
292 2697 344 2732 unu
352 2685 475 2734 adversus
486 2691 525 2735 tot
536 2685 617 2734 millia
626 2686 681 2736 bur·
755 2683 891 2736 Quomodo
902 2688 930 2732 et
945 2684 1029 2733 virum
1040 2682 1207 2733 fortissimum
1217 2682 1254 2733 0-

151 2759 291 2810 berorum?
313 2759 423 2823 ideoque
439 2767 575 2822 augustum
596 2761 681 2810 locum
722 2759 898 2808 bentrautium
926 2773 986 2808 snos
1020 2759 1119 2809 hortari
1149 2759 1253 2808 solitum

149 2834 247 2898 eligere
261 2833 352 2882 debuit
368 2835 502 2897 Paulinus,
520 2850 608 2899 quoae
619 2834 681 2885 fuci·
722 2835 881 2900 Zincgreiius
899 2843 999 2899 narrat,
1016 2851 1050 2885 ue
1070 2838 1187 2903 sclopeta
1208 2851 1253 2884 eu-

149 2909 196 2958 lius
206 2916 347 2974 tutaretur,
356 2918 385 2961 at
400 2927 433 2960 ne
450 2913 681 2964 circumveniretur
722 2907 839 2976 pioduut,
847 2913 997 2977 priusquam
1014 2913 1051 2961 ita
1062 2927 1143 2975 prope
1153 2911 1186 2960 ad
1198 2913 1254 2960 bos·

151 2987 373 3036 atantabostiinu
382 2988 556 3037 multitudine.
722 2995 776 3038 tem
798 2987 979 3049 successerint,
994 2993 1024 3035 ut
1048 2985 1075 3033 in
1097 2985 1178 3035 oculis
1198 2986 1254 3047 ejus

181 3062 313 3125 ‘Propius
330 3078 468 3125 suggressus
483 3065 568 3127 lrostis]
600 3065 682 3114 Certi·
723 3063 809 3113 album
831 3077 847 3112 u
867 3063 942 3124 nigro
963 3060 1064 3124 possint
1085 3059 1253 3123 distinguere.

150 3137 214 3187 tudo
236 3139 292 3188 baec
309 3139 428 3201 jactuum
450 3153 501 3188 uon
524 3140 627 3190 videtur
649 3141 681 3192 ud
722 3136 907 3188 Freisslsessiss.

150 3213 236 3262 hostes
246 3211 395 3272 reserenda,
412 3213 572 3277 (paucissimi
587 3215 682 3263 enime
755 3221 765 3246 ¹
783 3213 840 3262 Telo
857 3211 1010 3272 numen]
1032 3209 1094 3260 Non
1118 3209 1152 3258 de
1170 3208 1254 3272 hoste,

151 3287 273 3336 Romanis
290 3287 461 3347 occiderent
475 3287 569 3353 addis)
585 3291 630 3340 sed
649 3290 682 3340 ad
722 3303 769 3339 seu
788 3290 922 3339 Britannis
944 3289 970 3338 id
986 3288 1197 3353 intelligendum,
1207 3292 1254 3343 sed

47 3369 51 3376 '
150 3361 220 3424 ipsos
235 3363 379 3412 Romanos:
397 3361 507 3427 ideoque
522 3365 682 3428 legammg-
724 3365 757 3414 de
768 3365 924 3428 legionariis.
958 3365 1122 3429 Nsmsnpra
1143 3365 1255 3431 idipsis

149 3437 236 3496 grean
245 3437 363 3486 moinus:
374 3444 451 3504 atque
463 3453 495 3488 ea
503 3441 607 3490 veritas.
626 3443 683 3504 Lip·
723 3440 878 3505 imperatum
887 3441 990 3492 aduce:
1000 3442 1008 3470 ‘
1017 3441 1134 3491 Conferti
1143 3448 1253 3505 tautum,

152 3513 208 3563 tiss.
723 3522 751 3565 et
773 3517 831 3580 pilis
851 3517 959 3578 emissis,
980 3523 1040 3580 post
1055 3519 1209 3569 umbonibus
1227 3527 1255 3570 et

184 3588 222 3636 Ea
233 3587 341 3649 veritas,
352 3589 372 3638 is
386 3603 463 3639 verns
479 3591 566 3641 Taciti
579 3606 682 3655 sensu-s:
723 3589 814 3653 gladiis
832 3596 946 3654 stragem
967 3591 1116 3656 caedemque
1136 3594 1254 3644 coutinu-

153 3660 198 3709 sed
218 3676 270 3711 uon
283 3677 315 3711 eu
330 3679 392 3713 vera
411 3665 499 3714 Taciti
518 3667 605 3730 verba,
624 3682 682 3732 quse
723 3664 818 3714 urent!
840 3701 846 3710 .

152 3751 283 3801 uunquam
295 3739 455 3789 immutanda
463 3747 532 3792 sunt.
754 3739 798 3788 Sic
805 3739 991 3803 distinguerdc
996 3743 1099 3806 possum
1106 3746 1168 3806 legio
1174 3747 1254 3807 gruda

184 3811 289 3874 Propius
298 3827 437 3874 suggressus
448 3815 522 3881 bostis
537 3820 601 3865 certo
613 3816 683 3877 jactu
721 3815 828 3877 irnmots,
838 3821 862 3864 et
871 3819 996 3879 ongum
1006 3819 1051 3868 loci
1056 3835 1101 3882 pro
1113 3822 1254 3870 munimento

152 3886 198 3934 telo
209 3887 362 3950 exhauserat]
380 3889 474 3939 Sensus
485 3905 548 3954 ergo
560 3899 610 3955 est,
621 3893 683 3956 legi·
722 3893 836 3955 retinens,
856 3899 985 3956 postqum
999 3897 1097 3959 propius
1116 3911 1255 3958 suggressus

153 3975 225 4012 onem
236 3977 287 4013 uon
297 3965 386 4013 statim
398 3965 431 4014 sd
443 3967 582 4017 advemuru
590 3969 683 4031 bostis,
723 3972 807 4034 indis,
816 3973 919 4036 supple,
924 3971 989 4036 fuit,
1004 3989 1035 4024 ac
1046 3981 1110 4024 certo
1119 3975 1189 4034 jocis
1206 3976 1255 4023 telo

153 4038 205 4086 tela
223 4038 377 4102 conjecisse,
407 4047 452 4089 aut
474 4045 682 4103 procucurrisse:
723 4047 872 4110 eximant,
887 4049 1126 4112 sehsosseoernpit.

153 4113 198 4162 sed
213 4121 380 4178 expectasse,
402 4117 483 4165 dbuec
506 4118 578 4166 boste
594 4133 683 4169 succe·
756 4122 807 4170 Vol
817 4122 854 4172 sic
865 4139 872 4171 r
889 4121 928 4172 Aa
934 4123 1040 4186 primum
1050 4124 1112 4184 legio
1120 4124 1200 4184 mdc
1210 4123 1254 4172 iss·

151 4187 239 4252 deute,
257 4195 334 4241 certo
344 4190 397 4240 ictu
414 4191 497 4256 ipsum
516 4199 607 4260 petere
624 4209 683 4259 pos·
722 4202 796 4261 motu,
811 4204 835 4248 el
847 4199 971 4264 ungam
989 4198 1033 4248 loci
1049 4213 1094 4262 pro
1112 4197 1256 4250 nmmo
