2984 4850
161 403 298 471 ibet]
510 398 717 449 nanninus
749 400 823 449 cra.
847 400 927 449 xvr.
1176 383 1269 450 2095

162 542 304 622 adesse,¹‘
332 544 485 628 quamvis
509 537 820 620 Quindecimvirali¹
846 541 1041 607 Sacerdotio
1062 541 1264 624 praeditum:

162 666 329 731 nunquam
352 666 414 729 pro
444 645 549 709 salute
570 642 753 724 Principia,
780 650 837 707 aut
865 643 993 707 coelesti
1012 661 1097 705 voce
1116 643 1266 707 immola·

162 747 292 811 vissa:m
318 746 494 811 assiduum
513 745 592 807 olim
614 747 646 805 et
664 741 875 819 indefessum,
889 743 948 825 qui
961 744 1167 823 vulgaribus
1181 762 1266 826 quo·

163 868 229 931 que
252 849 390 912 Patrum
413 847 574 911 consultis
598 850 703 909 semet
717 845 880 908 fautorem
893 850 953 908 aut
969 844 1195 909 adversarium
1210 862 1267 908 os-

163 949 333 1026 tenderet,¹
363 949 502 1012 triennio
531 966 599 1009 non
627 945 798 1008 introiisse
823 946 965 1009 curiam:
987 945 1266 1027 nuperrimeque,¹

163 1069 238 1113 oum
253 1050 296 1113 ad
318 1048 519 1115 coercendos
541 1048 691 1111 Silanum
706 1054 739 1115 et
754 1046 907 1125 Veterem
928 1047 1077 1109 certatim
1091 1065 1265 1109 concurre-

163 1155 264 1230 retur,
279 1152 421 1233 privatis
445 1151 556 1239 potius
579 1150 760 1219 clientium³
784 1147 926 1229 negotiis
941 1147 1134 1211 vacavisse:
1157 1167 1267 1232 seces·

88 1348 102 1371 s
164 1321 393 1373 Quindecimvirali
407 1322 569 1383 sacerdotio,
589 1335 719 1385 nunquam
729 1320 808 1369 sacris
820 1327 954 1383 operatum
964 1334 1019 1368 esse
1030 1334 1077 1381 pro
1088 1319 1266 1369 incolumitate

163 1386 336 1449 imperatoris,
345 1395 390 1435 aut
399 1386 486 1439 diviua
496 1386 562 1434 illius
574 1400 637 1433 voce
650 1404 656 1433 :
670 1386 799 1433 assiduum
819 1393 881 1433 ante
898 1385 996 1433 aliaest
1008 1383 1206 1446 infatigabilem,
1223 1384 1267 1447 qui

164 1451 347 1513 vulgatissimis
358 1451 438 1501 etiam
454 1457 556 1512 patrum
570 1448 681 1498 decretis
691 1450 732 1497 vel
743 1449 847 1497 faveret
865 1451 906 1497 rel
923 1449 1077 1507 obsisteret;
1097 1449 1205 1496 utribus
1223 1463 1269 1495 an·

163 1513 203 1561 nis
213 1524 264 1562 nort
275 1515 376 1563 venisse
389 1514 414 1561 in
427 1522 557 1572 senatuum
576 1519 604 1561 et
621 1528 678 1561 cum
691 1526 774 1575 nuper
785 1512 905 1561 certatim
917 1510 1077 1566 continerent
1087 1516 1167 1574 patres
1178 1512 1210 1559 ad
1223 1526 1267 1560 co·

161 1575 283 1627 bibendos
299 1578 413 1631 Silanum
423 1583 452 1627 et
468 1579 600 1640 Veterem,
612 1576 721 1641 privatis
734 1578 821 1639 potius
839 1576 974 1628 clientium
986 1580 1064 1625 rebus
1073 1589 1102 1623 ar
1110 1575 1193 1624 litibus
1203 1589 1268 1639 ope·

624 1702 802 1729 “cennaco

197 1789 211 1834 l
230 1785 357 1848 Malleg.
369 1788 555 1836 ostentaret—2
565 1784 680 1839 Budena.
693 1785 779 1835 omisit
790 1785 966 1847 copulam—3
979 1782 1072 1844 Ryckii
1083 1782 1134 1831 Mt.
1147 1782 1269 1832 clientum.

659 1931 771 1981 NOTAE

196 2042 600 2106 *Naampattmttmvuoramm
608 2046 700 2110 messe]
737 2046 788 2096 tius
805 2042 867 2094 affui
879 2042 1028 2093 sacerdotio
1045 2039 1269 2093 Quindecimrira·

163 2118 207 2169 De
226 2119 511 2184 quibusAnnal.l.1r.
533 2121 710 2179 ‘Pontifices¹
737 2121 756 2168 li
777 2119 913 2183 praeditus,
931 2131 962 2166 ac
981 2123 1036 2166 tum
1053 2124 1158 2180 prator.
1191 2115 1269 2167 Quod
1371 2122 1373 2126 '

164 2202 302 2257 eorumque
316 2196 435 2259 exemplo
447 2196 529 2245 ceteri
542 2198 699 2259 sacerdotes,
737 2210 788 2244 nou
794 2195 925 2259 jactantia
944 2192 1030 2241 refero
1040 2208 1048 2253 ;
1060 2192 1105 2241 sed
1120 2192 1180 2256 quia
1192 2192 1271 2241 colle·

165 2282 222 2318 cum
243 2285 290 2333 pro
307 2270 486 2320 incolumitate
503 2272 627 2335 principis
639 2278 698 2321 vota
738 2273 782 2335 gio
806 2270 1044 2322 Quindecimrirnm
1069 2268 1212 2331 antiquitus
1238 2281 1271 2315 es

166 2336 349 2408 susciperent!
395 2347 399 2351 '
738 2363 811 2412 cura,
823 2355 850 2397 et
863 2349 1028 2410 magistratus
1037 2347 1199 2410 potissimum
1210 2346 1271 2393 exe'·

196 2422 303 2470 Sueten.
314 2422 413 2472 Neron.
425 2426 466 2471 46.
476 2422 484 2450 ‘
496 2422 622 2472 Votorum
635 2439 698 2472 nun·
738 2427 884 2488 quebautur
892 2423 977 2472 officia
985 2418 1210 2471 caerimoniarum?
1304 2435 1315 2448 ‘

165 2497 304 2560 cupatione
324 2511 416 2560 magua
432 2497 489 2558 jam
511 2497 628 2546 ordinum
646 2497 697 2547 tre.
769 2507 788 2533 ¹¹
804 2501 855 2549 Aut
871 2499 959 2554 calesti
971 2514 1026 2547 vore
1034 2496 1200 2558 immolavisse]
1226 2495 1269 2546 In·

164 2574 281 2636 quentia,
292 2573 333 2620 vix
342 2578 454 2634 repertae
464 2572 585 2635 Capitolii
595 2573 697 2622 claves!
737 2575 830 2638 dignor
842 2590 901 2625 eum
912 2576 978 2638 lego,
993 2575 1070 2624 immo
1082 2589 1132 2623 nou
1144 2573 1275 2638 indignor,

165 2648 246 2696 Plura
255 2649 314 2696 huic
327 2648 364 2696 rei
373 2654 553 2711 etopportuna
562 2648 587 2696 iu
600 2650 697 2698 Excur·
736 2658 766 2700 ut
776 2665 843 2711 nunc
853 2658 917 2700 atas
929 2664 987 2700 mea
1005 2657 1054 2712 est,
1066 2656 1093 2705 et
1102 2650 1196 2713 peritia
1205 2650 1272 2698 ludi-

165 2740 205 2774 su.
220 2725 325 2788 Lipsius.
737 2726 851 2776 briorum
859 2727 885 2776 in
895 2741 923 2776 re
934 2727 1053 2775 bumana.
1077 2726 1118 2774 En
1130 2732 1271 2775 summates

198 2799 419 2862 Nuacapotioaibrs
432 2805 538 2850 votorum
549 2817 594 2850 aaa
605 2802 696 2865 adessd
737 2803 776 2850 illi
795 2803 843 2852 riri
861 2815 968 2866 genere,
982 2802 1119 2865 dignitate,
1134 2800 1271 2865 rapientia,

163 2873 233 2924 Vota
252 2873 435 2936 nuncupabant
454 2875 580 2936 consules,
593 2881 619 2924 et
631 2889 697 2938 prae·
736 2878 844 2926 titulum
855 2879 969 2927 criminis
980 2878 1121 2940 accipiunt,
1139 2893 1214 2941 quem
1225 2891 1272 2940 pu·

163 2949 280 2998 sentillus
292 2948 377 2998 multis
385 2948 411 2996 in
421 2948 521 2998 tabulas
532 2949 697 3003 referebant!
738 2953 800 3004 deat
815 2967 980 3002 memorasse.

197 3024 298 3073 Plinius
310 3025 336 3072 in
349 3025 642 3088 Paneg.‘Nuncrrpare
653 3042 697 3077 vo·
770 3027 822 3074 Sed
842 3026 933 3074 eadem
961 3024 1134 3074 Philostratus
1158 3024 1226 3074 libro
1242 3039 1270 3074 ν.

164 3104 192 3148 ta
207 3105 236 3148 et
254 3114 301 3162 pro
313 3099 461 3148 aeternitate
473 3099 584 3162 imperii,
603 3107 630 3148 et
649 3115 698 3164 pro
736 3102 1015 3165 ‘Accrtsationesquot
1025 3106 1191 3163 etquantase
1202 3100 1272 3150 thetr-

165 3175 248 3223 salrrte
262 3175 367 3235 civium,
384 3173 462 3222 immo
475 3187 522 3236 pro
533 3175 617 3223 salute
629 3175 699 3238 prin·
738 3177 787 3226 tris
805 3175 867 3225 oriri
885 3189 986 3237 censes,
1004 3191 1062 3223 curn
1085 3174 1214 3224 delatores
1234 3174 1273 3223 ita
1295 3193 1301 3200 ·

165 3249 699 3314 cipum,acpropterillosproaetsrnitate
738 3251 918 3314 redarguunt?
947 3251 1008 3300 Non
1035 3249 1130 3299 venisti
1154 3250 1271 3299 auditum

165 3325 267 3388 imperii
288 3323 449 3375 solebamus!
483 3322 558 3373 Idem
578 3325 635 3386 ipse¹
653 3324 699 3374 lib.
739 3327 890 3385 Neroncm3
912 3331 958 3375 aut
977 3325 1070 3373 venisti
1093 3323 1205 3388 quidem,
1224 3324 1272 3373 ssd

166 3399 251 3461 Epist.
265 3405 303 3449 1⁰.
320 3402 409 3449 ‘Vota
424 3407 548 3464 suscepta
567 3415 614 3462 pro
631 3401 701 3450 inco·
740 3383 903 3466 negligenter
922 3407 950 3449 et
966 3415 1017 3449 uon
1035 3406 1138 3448 attente
1157 3399 1272 3448 aradistir

166 3475 286 3525 lumitate
306 3476 420 3541 Trajani'
448 3476 494 3526 ait.
526 3477 595 3525 Vota
606 3476 701 3540 suscipi
740 3478 820 3526 risisti
838 3477 924 3540 plane,
946 3491 996 3524 non
1015 3475 1143 3538 plausisti,
1160 3489 1210 3524 nec
1225 3489 1279 3538 prov
1370 3480 1374 3486 “

166 3566 215 3618 pro
227 3553 345 3616 principe
355 3552 476 3610 diximus,
489 3552 505 3602 1.
518 3567 549 3601 tr.
739 3554 818 3616 ipsius
836 3567 906 3602 vocs
925 3563 1123 3615 sacarsrcssrr,
1138 3557 1168 3600 ut
1179 3552 1274 3601 clarior

199 3626 317 3676 solennis
337 3641 399 3676 vero
418 3627 464 3676 illa
476 3633 592 3675 votorum
604 3639 700 3676 nuncu·
739 3628 913 3694 liquidiorque
930 3628 1017 3677 esset!

167 3701 238 3766 patio
249 3701 482 3752 tiebatcomulibns
492 3702 701 3751 inermtibusma·
773 3714 785 3739 ¹
805 3705 959 3769 Vulgaribus]
982 3705 1100 3767 Respicit
1112 3703 1145 3752 ad
1157 3709 1277 3752 senatus«

168 3779 314 3841 gistratum.
348 3778 437 3840 ibant,
448 3784 515 3828 teste
530 3777 603 3826 Livio
615 3776 642 3824 in
654 3777 702 3825 Ca·
742 3779 979 3845 consultum,quod
993 3786 1118 3828 memorat
1133 3779 1197 3827 Tac.
1210 3791 1273 3828 xtrr.

168 3853 287 3917 pitolium
298 3853 331 3902 ad
344 3862 404 3904 vota
416 3854 596 3916 nrrncupanda.
741 3861 782 3905 49.
810 3857 890 3905 ‘Non
917 3855 1041 3905 referrem
1069 3854 1273 3916 vulgatissimum

200 3927 339 3978 Suetonius
357 3929 463 3991 hujusce
475 3935 703 3978 votorumnuncu·
742 3933 1004 3991 senatusconsultum,
1033 3945 1085 3994 quo
1105 3928 1206 3977 civitati
1227 3930 1275 3990 Sy-

170 4005 282 4068 pationis
301 4005 418 4054 meminit
432 4004 458 4052 in
470 4005 580 4054 Claudio
589 4009 629 4054 dt'r.
638 4010 665 4053 et
676 4003 702 4052 itt
742 4021 924 4056 racusanorum
936 4007 1025 4070 egredi
1042 4017 1175 4053 numerum
1195 4002 1276 4051 eden·

170 4081 255 4132 Galba
265 4085 305 4130 te.
327 4083 445 4145 spanus.
743 4081 783 4129 dis
796 4080 979 4143 gladiatoribus
997 4076 1276 4140 finitumpermitteba-

205 4157 212 4190 ¹
229 4158 451 4219 Quindecimvirali]
469 4158 623 4208 Lib.xr.11.
650 4157 705 4206 Ubi
744 4163 794 4217 tur,
806 4156 855 4205 nisi
866 4157 957 4205 Paetus
973 4154 1086 4203 Thrasea
1103 4148 1280 4204 conuedixis·

172 4231 286 4284 deludis
297 4233 479 4283 sacularibus:
496 4233 602 4298 ‘lisque
622 4233 705 4282 inteu-
744 4231 863 4296 set,'&c.
