2984 4850
157 369 299 442 oues]
525 361 734 420 tunsurus
758 369 833 419 uro.
857 371 941 423 xrv.
1119 405 1123 410 .
1177 359 1264 426 1797

659 568 769 621 NOTAE

157 701 260 758 ionium
280 707 351 774 ioqui
372 708 405 759 de
422 701 514 761 eodem
538 701 642 776 Plauto,
661 713 694 764 de
734 714 831 764 Piauto
849 715 949 778 jurene
976 713 1028 764 fuit
1049 724 1138 776 rerum
1158 711 1266 778 iigmeo·

159 789 214 849 'quo
230 787 338 837 Tacitus
354 788 412 838 hic:
435 789 551 852 ‘jactans
570 791 695 842 dilectum
735 795 854 852 tum,scn
872 788 969 850 fabula,
986 791 1059 839 reiut
1077 804 1172 852 sceoae,
1189 791 1265 839 ador·

160 861 195 910 sb
205 875 246 925 ee,
258 863 326 913 etad
337 879 411 928 spem
421 865 523 930 imperii
531 867 669 931 impulsum
678 867 694 918 :’
734 870 805 926 nata,
816 871 845 914 ut
860 865 945 930 inquit
960 865 1018 930 ipsa
1035 864 1180 930 Agrippina
1194 864 1265 929 apud

72 1003 76 1012 Ι
160 937 339 989 uibiicertius.
734 939 865 989 Tacitum.

196 1015 419 1082 Capotintersecti]
441 1018 696 1084 ContenditLipsius
769 1016 926 1065 Nuiiatenus
952 1017 1033 1079 igitur
1054 1017 1192 1066 verisimile
1213 1023 1265 1082 est,

162 1089 263 1138 huncce
285 1091 407 1142 Plautum
433 1107 483 1142 non
505 1096 615 1144 eundem
640 1111 696 1145 esse
736 1090 777 1139 bis
787 1090 869 1155 ipsam
881 1092 1038 1154 conjurasse,
1049 1100 1078 1140 et
1088 1093 1209 1142 habuisse
1219 1093 1265 1142 du-

162 1177 222 1214 coru
235 1167 279 1214 illo
290 1169 322 1216 A.
335 1168 449 1231 Plautio,
469 1170 502 1218 de
522 1187 573 1233 quo
588 1167 695 1222 Sueten.
736 1181 765 1214 os
772 1168 882 1230 juvenes
895 1169 1013 1231 omasios,
1022 1183 1101 1217 unum
1111 1167 1265 1231 cognomine

162 1241 229 1290 Ner.
242 1245 282 1293 85.
300 1243 338 1292 sic
357 1243 456 1294 habet:
474 1246 542 1296 ‘Est
561 1261 640 1311 nunc,
657 1247 695 1296 iu·
736 1243 870 1304 Proetum,
888 1245 1044 1294 stulterum
1055 1243 1181 1293 vocobuio
1194 1244 1267 1292 Plau·

162 1316 231 1381 quit,
241 1324 324 1366 meter
334 1333 400 1383 mea,
415 1325 443 1369 et
460 1335 634 1373 successorem
645 1337 697 1371 nte-
736 1324 803 1368 nm.-
818 1321 875 1383 quis
889 1321 937 1369 boc
948 1320 1057 1368 credat?
1074 1333 1137 1382 quos
1148 1318 1267 1368 similiter

162 1407 206 1442 am
218 1397 351 1461 osculetur
362 1396 377 1444 ι’
404 1397 463 1460 quia
482 1397 566 1463 inquit
588 1399 698 1463 Lipsius,
736 1400 765 1442 et
780 1394 890 1463 subinde
908 1401 1019 1457 amaret,
1029 1401 1058 1445 et
1076 1395 1110 1443 ad
1129 1391 1268 1456 imperium

162 1465 207 1517 ine
230 1469 261 1518 s.
280 1470 411 1534 Plautius,
431 1473 464 1521 ne
488 1489 537 1536 quo
560 1475 697 1524 Suetonius
735 1461 1266 1534 eveheret,eorumqneconjugionomina·

161 1539 235 1592 inter
246 1558 348 1608 pueros,
359 1553 404 1596 aut
419 1553 492 1597 certe
501 1555 578 1598 aetass
589 1550 697 1600 inferior
736 1544 833 1594 fiunem
856 1560 944 1595 rursus
961 1553 1111 1610 occuparet.
1145 1545 1208 1610 Ipsa
1224 1545 1266 1594 vei

163 1633 242 1686 quam
256 1621 336 1683 Nero,
354 1627 385 1670 ut
403 1623 446 1671 cui
462 1623 549 1672 illudit
559 1632 620 1674 ante
631 1642 695 1675 mor.
736 1622 876 1672 similitudo
887 1624 996 1673 nominis
1005 1623 1129 1687 declarat,
1148 1639 1226 1672 unum
1238 1629 1267 1672 et

162 1703 226 1746 tom.
249 1695 287 1745 At
298 1697 355 1760 iste,
367 1699 400 1747 oe
413 1701 695 1768 quomodocunque)
735 1698 846 1748 eundem
858 1713 914 1747 esse
922 1699 1055 1761 jnvenem,
1066 1698 1099 1746 de
1111 1688 1162 1762 quo
1173 1699 1266 1747 Sueto-

165 1767 299 1834 grandior.
332 1775 382 1822 lile
405 1775 495 1826 Romae
517 1793 550 1826 ex
574 1780 697 1828 Suetonio
736 1772 795 1820 nius
806 1779 833 1821 et
843 1774 948 1821 Tacitus
957 1773 1026 1836 idem
1044 1773 1150 1821 tradunt
1168 1774 1195 1821 in
1206 1771 1265 1820 sub·

163 1862 222 1898 essc
234 1849 333 1912 debuit,
342 1866 400 1900 cum
407 1853 505 1902 occisus
514 1860 566 1914 est3
576 1855 625 1904 iste
635 1869 697 1903 vero
737 1849 841 1897 stantis·
868 1849 903 1896 Et
914 1849 936 1895 si
947 1847 1010 1896 duos
1017 1848 1130 1910 juvenes
1142 1845 1179 1895 sic
1191 1860 1268 1909 prcu-

164 1923 191 1972 in
210 1923 299 1973 Asia:
331 1927 377 1974 ilie
399 1927 455 1976 vivo
482 1926 633 1995 Agrippina,
655 1931 696 1980 bic
738 1931 820 1974 soeret
839 1922 993 1992 Agrippinas
1012 1929 1085 1972 certe
1106 1920 1268 1971 flefflrflliiil·

163 2005 268 2049 mortue
278 2001 387 2064 pridem,
399 2002 554 2054 interfectus
565 2013 615 2056 cst.
737 2016 794 2050 mus
806 2008 941 2053 auctorum
951 2000 1060 2050 Tacitus
1070 1999 1097 2048 id
1108 2012 1159 2048 non
1172 1998 1266 2048 reticu-

197 2075 303 2124 Deinde
314 2076 452 2126 Suetonius
472 2078 512 2127 bic
540 2079 590 2131 alia
611 2081 698 2132 dicen·
737 2078 811 2128 isset.
1114 2085 1117 2088 ’

164 2156 219 2199 tem
230 2151 360 2202 Neronem
379 2153 496 2204 inducit:
512 2155 520 2182 ‘
533 2157 592 2219 Eat,
603 2156 697 2222 inquit,
770 2157 828 2206 Nec
840 2156 904 2207 satis
913 2156 1029 2206 advertit
1040 2155 1143 2218 Lipsius
1151 2154 1268 2204 hocloco

164 2225 329 2289 orater,'&c.
362 2226 399 2276 At
418 2230 469 2278 elia
486 2231 566 2280 verba
589 2233 699 2282 Neronis
740 2232 805 2283 Ner.
821 2237 862 2282 35.
880 2233 916 2283 ita
927 2249 982 2282 rem
992 2247 1097 2281 narrare
1107 2230 1270 2292 Suetonium,

166 2303 273 2354 Tacitus
283 2303 379 2356 offert:
399 2306 406 2334 ‘
421 2307 500 2370 Quin,
514 2307 606 2372 inquit,
618 2311 699 2373 Nero,
739 2315 769 2358 ut
788 2309 833 2359 ilie
844 2309 964 2358 Plautius
981 2309 1078 2371 illusus,
1088 2322 1134 2356 seu
1153 2306 1267 2370 pollutus

164 2380 284 2446 deposito
295 2389 376 2444 metu,
392 2375 495 2447 nuptias
512 2385 636 2450 Poppuae
647 2401 698 2435 mo·
739 2390 767 2433 et
775 2383 951 2433 interfectura
962 2383 1078 2445 Nerone,
1089 2383 1206 2431 Caesores
1215 2378 1270 2428 affi-

165 2462 255 2521 turare
264 2458 358 2520 parnt.y
376 2460 480 2522 Lipsius.
596 2462 602 2469 '
738 2461 822 2509 nitate
833 2460 1008 2521 contingeret,
1018 2459 1026 2486 ‘
1036 2456 1177 2517 Similiter,’
1185 2455 1270 2518 inquit

199 2532 247 2596 At,
257 2534 347 2596 utjom
360 2549 429 2597 saepe
440 2535 592 2597 notavimus,
608 2536 699 2587 Sueto·
739 2534 888 2596 Suetonius,
899 2535 907 2561 ‘
919 2532 1053 2582 interemit
1071 2536 1182 2593 ceteros,
1191 2527 1273 2579 affini·

117 2608 119 2614 '
166 2608 225 2657 nius
245 2622 287 2656 res
308 2614 395 2672 gestes
406 2623 456 2658 non
469 2609 559 2659 ordine
579 2626 630 2675 quo
642 2626 699 2674 gos·
739 2617 795 2659 tate
815 2610 901 2674 aliqua
925 2608 984 2671 sibi,
1005 2614 1051 2656 aut
1077 2605 1270 2670 propinquitate

165 2692 203 2733 tre
224 2690 292 2747 sunt,
312 2690 358 2732 sut
376 2698 422 2746 per
446 2675 652 2735 circumstantius
671 2695 700 2737 et
739 2688 903 2749 conjunctos,
922 2685 1053 2750 inquibus
1064 2683 1158 2733 Aulum
1169 2683 1270 2734 Plauti·

166 2766 289 2825 tempora
305 2760 448 2823 describit;
471 2776 511 2810 res
538 2767 638 2824 tuntum
659 2776 700 2811 or·
739 2780 781 2813 um
788 2763 928 2828 juvenem,'
940 2766 999 2812 &es

168 2836 230 2885 dine
250 2850 346 2901 remim,
362 2850 413 2885 non
442 2836 532 2885 ordine
554 2844 700 2900 temporum
771 2841 809 2891 At
836 2843 908 2891 nobis
935 2842 1030 2905 probet
1056 2839 1168 2903 Lipsius,
1186 2836 1269 2890 iiiium

167 2904 281 2977 digerit:
300 2928 385 2979 neque
402 2914 469 2963 eninr
486 2914 544 2977 ipse
557 2914 699 2965 Historiam
739 2917 847 2981 Plautii,
857 2917 936 2982 quise
948 2929 1028 2976 oyans
1039 2928 1072 2963 ex
1083 2911 1219 2961 Britannia
1230 2925 1270 2959 rs·

123 2995 125 2999 '
167 2997 214 3039 aut
235 2989 350 3039 Annales
373 2991 514 3054 componit,
540 2998 570 3039 ut
585 2991 699 3039 Tacitus.
740 2992 958 3051 tuiit,autaliuru
969 2986 1271 3050 Plautiumquempiam,

166 3066 255 3116 Vitam
268 3068 340 3131 quasi
348 3068 474 3131 privatam
481 3067 627 3131 principum
639 3068 700 3118 scri·
741 3067 935 3132 propinquitate
946 3066 1111 3127 conjunctum
1122 3059 1200 3110 fuisse
1211 3075 1271 3111 curu

167 3141 227 3205 ott,
238 3134 460 3208 substantiamque
486 3158 572 3192 rerum
594 3142 701 3206 attingit
742 3144 864 3192 Caesare:
882 3155 958 3190 nemo
969 3140 1018 3189 boc
1030 3139 1109 3187 dicat.

167 3217 225 3268 iere
236 3218 331 3282 obiter,
339 3225 417 3282 prout
428 3227 581 3283 argumento
588 3233 634 3268 suo
641 3234 701 3268 con·
768 3219 819 3267 Sed
830 3225 903 3267 certe
913 3216 955 3264 iric
964 3214 1093 3277 Plautius,
1104 3213 1199 3278 dequo
1209 3212 1274 3263 Su'c·

166 3296 291 3345 veniunt:
310 3298 399 3361 sieque
420 3298 513 3346 nutritos
529 3311 598 3361 saepe
614 3311 700 3347 rerum
730 3293 837 3354 tonius,
853 3292 910 3356 ipso
920 3290 1044 3340 Suetonio
1052 3295 1130 3351 teste,
1144 3288 1214 3337 idem
1223 3294 1273 3354 est,

166 3372 387 3437 circumstantias,
396 3372 532 3422 brevitatis
540 3388 628 3437 causa,
636 3387 700 3437 prae·
741 3369 797 3433 qui,
804 3367 935 3418 referente
941 3364 1061 3427 Tacito,‘
1070 3380 1118 3428 per
1128 3371 1273 3416 maternam

169 3448 303 3497 termittit.
741 3443 886 3509 originem‚'
897 3443 958 3509 (per
965 3442 1062 3494 Juiiam
1072 3446 1194 3504 matrem,
1202 3454 1273 3492 uem·

202 3520 238 3573 Et
249 3525 296 3573 boc
309 3525 376 3585 loco,
389 3530 456 3575 utet
466 3525 555 3574 moitis
566 3525 631 3587 oiiis,
640 3540 701 3574 eeu·
742 3521 797 3587 pe,)
808 3523 816 3549 ⁴
829 3521 885 3585 peri
893 3536 924 3570 ae
934 3521 1007 3570 Nero
1018 3518 1099 3583 grado
1110 3518 1207 3567 aDivo
1218 3512 1273 3565 Au·

170 3600 231 3651 dem
250 3618 304 3652 rem
319 3603 344 3651 in
357 3604 501 3654 substantia
509 3603 608 3654 referre
621 3604 702 3653 voluit
742 3597 827 3661 gusto'
849 3596 918 3657 iuit;
933 3602 961 3645 et
987 3596 1025 3645 sio
1052 3593 1189 3644 Suetonius
1215 3593 1273 3657 ipsa

171 3692 229 3727 eum
246 3684 335 3727 nostro
356 3680 460 3743 Tacito,
477 3681 539 3729 licet
553 3681 580 3728 in
598 3679 701 3744 quibus·
742 3673 973 3737 puguatadversus
985 3670 1110 3735 Lipsinm.

171 3753 232 3803 dom
263 3756 466 3805 circumstantiis
499 3753 631 3819 dissideat,
656 3763 702 3806 aot
775 3749 807 3795 1¹¹
824 3762 853 3796 1'0
868 3747 949 3810 igitur
967 3744 1276 3809 P¹²¹¹⁸⁰⁰¹¹⁸²¹¹fi¹¹¹¹ffl

145 3824 154 3833 “
170 3836 243 3879 certe
252 3831 378 3880 dissidere
389 3832 513 3882 videatur.
743 3826 811 3875 citus
821 3818 1005 3884 eiSuetouiua,
1016 3829 1045 3871 et
1063 3827 1165 3871 tantum
1182 3820 1208 3868 in
1223 3832 1274 3866 uo-

203 3907 297 3969 Neque
309 3916 383 3957 certe
394 3908 532 3959 verisimile
543 3914 591 3972 est,
611 3907 651 3957 bis
670 3908 703 3958 si·
744 3900 813 3949 misse
825 3899 985 3961 discreiifflb
996 3905 1041 3946 ³¹¹⁸
1051 3897 1077 3945 5¹¹
1089 3902 1164 3959 Wie
1181 3906 1227 3941 ⁸²¹¹
1243 3891 1276 3940 li·

170 3982 225 4033 mili
233 3985 310 4033 modo
327 3987 475 4047 conjurasse
487 3984 657 4049 Agrippinam
677 3985 704 4032 iu
745 3977 830 4026 remla
848 3974 987 4039 tunsurus
1001 3970 1204 4023 exscribentium
1221 3968 1277 4017 cul·

171 4056 251 4107 filium
263 4061 418 4124 prinoipem,
430 4067 475 4109 arnt
492 4061 519 4111 id
538 4062 577 4111 bis
595 4062 704 4123 perinde
745 4066 788 4115 pl·
1171 4118 1182 4131 ι

172 4132 199 4181 iu
210 4148 266 4183 cam
278 4134 420 4185 confictum
431 4150 488 4185 esse
500 4152 516 4185 a
529 4136 702 4187 delatoribus:
778 4126 825 4190 Ᾱῑ,
834 4127 920 4192 indust
930 4121 1132 4187 Lipsslflisjunim
1140 4117 1276 4168 smmum·

167 4218 231 4260 ‘nam
253 4218 328 4261 certe
356 4212 502 4275 conjuretis
536 4214 618 4278 ipsius
646 4202 706 4263 com
746 4205 797 4255 ¹3¹1!
815 4204 857 4254 hic
875 4194 1276 4261 3⁰01⁰ssili⁶⁰⁰⁸i⁰i>¹⁸i⁸⁸fuii
