2984 4850
242 388 330 457 fflfiss
593 404 626 453 G.
649 402 837 452 continuit
853 400 980 449 nactur
1178 408 1226 473 [Α.
1237 410 1272 461 U,
1283 415 1344 462 819,

242 552 343 631 geret.
388 542 478 623 Quin
501 548 534 609 et
555 543 645 609 inde⁰
663 546 735 629 jam
748 544 967 625 largiebatur:
1005 547 1039 607 et
1065 542 1257 611 divitiarum
1282 569 1342 613 ex-

243 646 388 733 pectatio
415 647 498 709 inter
526 664 646 709 causas
683 647 907 729 paupertatisp
933 646 1078 728 publicae
1107 656 1188 711 erat.
1248 647 1340 713 Nam

243 750 384 824 Bassus,
406 746 528 809 effosso
549 756 639 829 ugro‘¹
660 767 722 811 suo
742 747 886 828 latisque
902 746 1025 809 circum
1041 747 1141 825 arvis,
1157 748 1236 811 dum
1252 750 1338 815 hunc

243 849 404 935 velillum
426 849 536 912 locum
558 848 714 930 promissi
737 852 873 930 specus²
889 852 1069 924 asseverat,
1093 854 1341 933 sequunturque

244 970 310 1015 non
324 950 425 1013 modo
447 950 590 1024 milites,¹
613 948 671 1012 sed
693 948 840 1031 populus
862 947 1049 1028 agrestium,
1066 948 1237 1013 efficiendo
1251 951 1343 1033 operi

246 1057 427 1127 assumtus,
442 1050 584 1126 tandem,
598 1050 710 1131 positu
729 1046 931 1123 vecordiu,·‘
946 1066 1012 1110 uon
1024 1047 1121 1112 talsa³
1149 1054 1240 1112 ante4
1254 1070 1344 1119 som-

244 1153 312 1216 nia¹
325 1172 399 1229 sua,
414 1170 516 1233 seque
541 1156 619 1214 tunc
641 1151 797 1231 primum⁵
812 1147 962 1225 elusum,'
988 1150 1166 1227 admirans,
1181 1151 1344 1232 pudorem

245 1257 279 1317 et
293 1259 416 1318 metum
432 1256 536 1315 morte
558 1250 744 1316 voluntaria
758 1248 880 1330 effugit.
924 1247 1084 1327 Quidam,
1114 1252 1287 1314 ‘vinctum
1301 1270 1343 1314 ac

245 1372 327 1416 mox
340 1351 535 1430 dimissum,’
549 1349 721 1427 tradidere,
746 1354 757 1383 ‘
773 1347 912 1412 ademtis
930 1350 1037 1425 botrie,
1051 1348 1086 1411 in
1100 1350 1213 1414 locum
1228 1349 1345 1433 Regiae

248 1452 364 1533 gazae?

244 1642 297 1691 spes
314 1636 382 1705 optim
394 1630 458 1703 inter
468 1641 549 1704 censos
557 1625 656 1690 publice
666 1624 779 1699 egestatis,
792 1629 853 1673 erat.
888 1626 980 1689 Quippe
990 1625 1093 1702 Bassus,
1107 1625 1190 1705 effosso
1201 1644 1283 1694 campo
1292 1645 1346 1707 suo,

245 1698 270 1745 tt
288 1694 344 1742 naa
358 1694 602 1755 pusomtessasstnm
616 1690 676 1739 banc
691 1690 728 1737 sel
747 1690 814 1737 alben
831 1690 908 1738 sedem
923 1691 997 1738 oblate
1007 1691 1056 1740 srbr
1075 1706 1122 1753 per
1133 1700 1247 1757 quietern
1257 1697 1348 1743 maa&

246 1760 357 1821 ᾤκισε,
367 1762 530 1819 sedentesque
545 1770 592 1804 aon
601 1755 673 1802 solem
680 1752 780 1815 utiliter,
788 1755 830 1801 ssd
840 1758 864 1801 et
880 1755 1007 1802 multitu&
1015 1755 1197 1819 susticmrsss,
1207 1758 1348 1821 effraenatis

245 1822 357 1884 specubus
365 1826 467 1883 woonta,
475 1824 567 1869 demum
577 1817 774 1877 montemnis,
785 1816 979 1880 obstupescens,
988 1819 1056 1882 quod
1071 1820 1142 1870 nulla
1152 1828 1212 1871 ante
1225 1837 1291 1871 rann
1298 1822 1348 1871 sibi

247 1900 294 1947 per
311 1899 427 1933 somnum
444 1885 544 1960 species
563 1884 649 1933 oblata
668 1883 1048 2001 ‘w’tdtadgvdunaefflii
1058 1882 1346 1999 ῗῑὲἕῶῐίιέιξᾶἕξιῐᾭζατέ

247 1949 808 2123 ἕῖξῖῑῖᾞιῖιῖἕᾞιῗζῖᾝαᾞὲᾙὴῑω
824 1978 917 2071 opinus
929 2010 989 2071 ao,
998 2010 1056 2066 nco
1067 2012 1132 2075 regu
1147 2014 1270 2077 thesauri,
1280 1986 1347 2077 ,lm

245 2090 397 2137 promisere.
709 2086 713 2101 ·

711 2180 888 2202 ”eunoun

248 2265 319 2313 tione
330 2264 457 2327 principe.
490 2264 657 2315 Mentores
669 2260 841 2321 Puteolanus,
850 2263 928 2326 proed
937 2278 1027 2325 pecus.
1060 2266 1165 2317 lnMss.
1177 2268 1348 2321 Bolenelf.

247 2330 303 2379 dam
315 2328 358 2378 boo
367 2331 452 2379 uelitis
462 2333 510 2379 loco
519 2328 596 2392 prosu
606 2341 696 2389 specus.
731 2325 1017 2379 brennaticum
1034 2330 1085 2381 bec
1102 2334 1141 2380 vel
1157 2333 1198 2381 illo
1213 2335 1262 2381 loeo
1271 2335 1348 2395 proni

247 2406 338 2457 speras.
371 2394 402 2444 In
415 2396 466 2444 Ms.
478 2394 552 2443 Harl.
564 2394 646 2441 altera
663 2403 742 2441 munu
761 2389 995 2455 emendarentur.
1028 2395 1171 2446 Beroaldus
1191 2398 1349 2461 emendavit,

247 2459 357 2521 mernisti
372 2475 469 2522 speum
486 2455 623 2522 qnacforte
644 2453 799 2504 redundant.
832 2453 932 2516 Specus
952 2459 1021 2507 enirn
1037 2467 1094 2510 erat
1115 2461 1142 2509 in
1161 2476 1225 2524 agro
1245 2462 1349 2511 Cesellii

249 2523 385 2586 Bassijem
397 2522 499 2585 effosso,
510 2529 539 2572 et
552 2522 612 2570 latis
628 2519 727 2570 circum
739 2519 817 2567 arsis·
834 2518 991 2572 ararim-a
1008 2523 1080 2572 Male
1091 2525 1142 2576 Ma.
1153 2525 1229 2574 Harl.
1241 2526 1350 2585 salso.-

248 2588 265 2634 4
282 2585 334 2636 trs.
346 2589 415 2636 Flor.
426 2594 505 2650 antea,
516 2592 544 2635 et
555 2587 592 2636 sic
602 2584 719 2646 ltyckius
731 2588 759 2632 et
770 2583 974 2635 Gronovius-6
991 2587 1035 2636 Ite
1045 2589 1162 2653 plerique
1178 2590 1245 2639 Mes.
1258 2598 1287 2639 et
1297 2590 1349 2639 Pu.

248 2650 401 2762 gaam·
411 2652 442 2700 ln
454 2653 506 2702 Ms.
516 2651 583 2714 Reg.
595 2653 621 2698 et
632 2647 746 2698 editione
762 2646 891 2711 principe,
907 2649 1002 2712 prim
1018 2653 1088 2716 quod
1097 2653 1200 2704 auribus
1211 2653 1283 2704 foret
1294 2669 1348 2719 ιη.

272 2727 312 2760 us.
392 2728 435 2763 ter.
883 2741 887 2746 ·

281 2919 379 2984 οΙνιάε]
403 2921 447 2972 De
458 2919 509 2972 illis
520 2919 676 2984 imaginariis
687 2920 780 2985 opibus
819 2919 953 2972 thesauros
973 2924 1074 2988 aliquos
1101 2941 1161 2976 casu
1183 2928 1351 2991 reperissent,

248 2996 394 3060 munificus,
423 2998 479 3062 jam
510 2998 592 3046 multa
623 2997 781 3062 largiebatur
819 2993 892 3046 inere
905 2999 949 3061 qui
968 2999 1085 3049 dicerent
1103 3003 1351 3068 persuaderentqne,

249 3075 345 3124 multis.
820 3077 904 3121 toturn
914 3088 972 3122 eum
983 3076 1067 3124 locum
1078 3078 1134 3125 auri
1146 3079 1261 3141 plenum,
1274 3095 1290 3127 a
1300 3079 1351 3128 cla·

282 3157 295 3190 Ρ
313 3148 478 3214 Paupertotir]
496 3148 554 3200 Jam
566 3154 708 3213 praesentes
717 3161 781 3210 opes
821 3147 895 3197 dibus
906 3149 1045 3200 Poenorum
1053 3153 1088 3201 ibi
1099 3154 1216 3215 repositi,
1224 3161 1303 3218 atque
1314 3154 1351 3202 its

248 3225 445 3289 impendebant,
466 3226 535 3274 inani
557 3239 603 3289 spe
624 3225 689 3286 suri,
711 3223 780 3288 qnod
813 3223 894 3273 ‚miles
911 3227 1000 3276 avidus
1016 3227 1050 3276 od
1069 3226 1220 3279 fodiendum
1237 3244 1266 3279 se
1279 3228 1352 3279 dedit

249 3313 380 3364 nunquam
399 3300 513 3349 habituri
526 3308 615 3351 erunt.
647 3301 691 3352 Sic
703 3299 711 3328 ‘
722 3300 781 3363 glis·
819 3303 966 3365 perplures
978 3304 1042 3354 dies.

249 3373 327 3426 cebet
338 3374 439 3424 luxurie
450 3390 496 3439 spe
507 3375 585 3439 inani,
598 3375 780 3426 consumebas·
852 3379 962 3430 Interim
977 3376 1103 3444 Pompeio
1124 3381 1227 3431 ridente
1238 3382 1352 3431 simulet

249 3455 343 3515 turqne
365 3457 468 3500 veteres
492 3466 564 3516 opes,
583 3453 656 3516 qnasi
678 3449 780 3503 oblatis’
820 3454 981 3520 indignante,
1000 3463 1101 3508 tautum
1122 3457 1194 3507 illem
1209 3457 1353 3507 multitudi-

248 3524 322 3576 novis
340 3525 446 3591 divitiis,
463 3543 526 3592 quus
545 3535 636 3591 postea
653 3527 782 3594 decoqtre·'
819 3545 878 3580 nem
905 3533 987 3580 stulta
1004 3533 1113 3583 aseritis
1132 3540 1160 3583 et
1178 3535 1267 3583 labore
1295 3531 1353 3582 teti·

250 3609 318 3652 rent.
821 3607 890 3677 gari:
917 3607 1000 3657 donec
1018 3609 1124 3659 madent
1143 3609 1206 3658 fessi
1226 3616 1257 3668 et
1277 3608 1353 3667 irriti,

282 3679 317 3727 Et
335 3692 382 3741 per
401 3679 479 3730 talem
500 3683 588 3732 luxum
606 3681 732 3744 gliscebat
748 3683 782 3731 si·
821 3685 972 3747 clamarent,
987 3686 1127 3735 ‘Duceret
1136 3686 1191 3749 jam
1202 3700 1256 3750 qno
1266 3685 1354 3745 vellet,

248 3755 302 3804 mul
322 3763 462 3818 paupertas
483 3757 595 3820 publice,
607 3773 665 3806 cum
678 3756 744 3808 falsu
754 3764 782 3807 et
822 3759 885 3808 sutis
901 3773 929 3807 se
945 3773 1079 3823 penarum
1096 3760 1216 3810 stultitiae
1235 3774 1289 3808 snas
1309 3759 1354 3808 dc·

137 3841 144 3848 ’
249 3843 345 3879 resana
364 3845 410 3894 spe
420 3845 484 3894 opes
495 3830 606 3894 publica
620 3832 783 3883 absumeren·
822 3833 906 3884 disse!
940 3835 1278 3900 PlutarchusinPompeio.
1294 3833 1355 3897 up-

252 3911 303 3954 tur.
821 3924 878 3960 stus.

282 3980 406 4046 lEffosso
421 3981 491 4045 αςνο]
517 3982 652 4032 Siminina
672 3985 784 4050 stultitia
856 3987 986 4049 rottae]
1029 3986 1106 4036 Anno
1131 3988 1219 4036 Rome
1240 3984 1354 4034 condit·

251 4053 371 4120 Pompeii
383 4059 526 4108 exercitum
543 4058 644 4122 incidit,
654 4075 714 4110 cunr
725 4061 747 4109 is
759 4062 785 4109 in
825 4067 881 4114 818.
899 4063 996 4113 Christi
1007 4063 1061 4116 nati
1069 4069 1110 4112 os.
1129 4062 1290 4112 tuantur.

250 4131 341 4180 eadem
360 4131 451 4184 Africa
472 4141 565 4184 contra
586 4135 731 4185 Domitium
753 4144 781 4186 et
858 4139 1010 4199 'Nossnlrc
1018 4139 1186 4205 momnis]
1211 4137 1353 4188 Admtnu

250 4201 363 4274 larbam,
375 4208 508 4263 militaret.
525 4211 593 4262 Num
604 4225 663 4264 cunr
677 4213 781 4282 quidum
820 4215 942 4265 multare
953 4229 1017 4266 vers
1031 4229 1079 4281 per
1094 4216 1210 4282 quictem
1227 4213 1350 4266 sotensi-
