2984 4850
140 418 277 487 scot]
302 449 306 483 2
478 418 686 471 eruentur
711 422 786 474 nro.
808 423 890 475 xvr.
1157 407 1247 476 2091

142 561 298 629 rincum
323 561 433 645 ipsam
458 562 653 629 exscindere
676 564 879 649 concupivit,
903 564 1246 632 interfecto'l'hr'ase'a

143 660 423 727 Paet0¹et13area
437 662 591 741 Sorano,y
605 666 685 729 olim
698 668 850 750 utrisque
865 666 1024 745 infensus,
1039 674 1072 734 et
1085 668 1246 732 acceden-

141 762 231 825 tibus
257 763 368 825 causis
394 762 430 823 iu
455 761 657 827 Thraseam:
681 765 773 848 quod
788 765 910 828 Senatu
924 784 1076 847 egressus
1090 773 1153 843 cst,
1168 786 1246 830 cum

141 862 185 927 de
200 860 393 945 Agrippina·
403 862 583 941 referretur,
600 870 637 927 ut
649 866 850 930 memorari:
866 868 1021 949 quodque
1028 866 1246 951 juvenatium·

141 963 273 1028 ludicro
285 971 415 1047 parum⁸
424 956 673 1048 expetibilem¹b
688 975 837 1049 operam⁰
850 969 1055 1050 praebueret:
1074 988 1182 1051 eaque
1195 968 1246 1034 os·

141 1114 242 1177 optauit,
263 1112 337 1177 oceieo
360 1114 464 1163 Thracen
480 1114 548 1163 Peto
569 1120 593 1163 et
613 1116 694 1165 Boreo
713 1116 871 1179 ‚ammaum
877 1117 970 1179 pridem
983 1115 1246 1177 «monteferrato

141 1173 242 1235 adiectio
251 1178 363 1240 propriis
375 1179 451 1225 cousio
469 1177 495 1226 iri
517 1179 641 1227 Thraecum
650 1196 660 1236 ,·
679 1183 738 1242 quod
761 1180 823 1229 coiit
843 1182 918 1237 curiu,
939 1187 992 1230 turn
1003 1196 1055 1228 cum
1065 1181 1094 1227 de
1104 1180 1246 1243 Agrippina

140 1254 207 1289 nece
226 1246 346 1304 ageretur,
364 1247 391 1290 ut
409 1243 519 1291 tradidi:
536 1248 560 1290 et
570 1246 630 1305 quod
649 1246 709 1293 lud-is
713 1244 864 1304 juvenalibus
875 1246 937 1293 baud
948 1244 1009 1292 sctis
1020 1248 1117 1305 grutam
1122 1243 1245 1301 sonorabi-

139 1305 229 1367 irruque
236 1308 347 1368 pharum
358 1307 487 1355 edidisset:
503 1307 590 1369 ilioque
611 1309 649 1357 ἕνα
667 1322 699 1357 eo
715 1309 821 1371 penitius
831 1308 995 1372 imperauerat
1006 1309 1110 1356 animum
1123 1306 1245 1372 Neronis,

606 1430 784 1457 &emovente

173 1511 187 1555 1
206 1508 296 1557 Porum
315 1509 488 1571 expectaturum,
505 1507 629 1572 [Brotier.
641 1511 708 1574 quod
721 1518 750 1559 et
759 1510 865 1575 Bipont.
880 1510 1027 1575 recepere]
1043 1509 1158 1560 itaMss.
1168 1508 1245 1560 Harl.

138 1571 215 1621 Bodi.
227 1572 282 1622 Jes.
303 1570 391 1622 Gueif.
409 1573 567 1622 Puteolanus
580 1582 606 1623 et
619 1575 786 1625 recentiores.
820 1577 853 1624 In
865 1577 931 1624 Mas.
948 1576 1017 1626 Fior.
1028 1581 1056 1623 et
1073 1574 1245 1637 Corbporurrr

138 1642 161 1684 rt
173 1636 348 1698 expectabiiem.
376 1637 464 1685 Editio
477 1640 607 1701 princeps,
616 1654 701 1701 purum
711 1640 914 1701 importabilem.
948 1641 1000 1688 Ma.
1010 1638 1076 1701 Agr.
1086 1654 1170 1700 parurn
1182 1652 1246 1700 spee-

139 1700 246 1751 tatr'tem.
278 1701 417 1751 Rhenanus
437 1702 594 1765 emendarit,
614 1717 699 1763 parum
716 1704 876 1765 expetitum,
897 1704 938 1766 [et
949 1704 985 1751 sic
1003 1702 1085 1752 edunt
1096 1700 1246 1768 Ryckius'et

636 1864 744 1915 NOTAE

172 1980 185 2006 ¹
204 1971 306 2025 rorstet
319 1976 400 2039 Peto]
418 1976 499 2041 Cujus
521 1978 618 2041 gentile
630 1993 673 2029 uo·
713 1985 790 2029 natus
802 1979 913 2029 Boethio
926 1978 958 2029 de
966 1976 1095 2028 consolat.
1104 1976 1123 2026 1.
1139 1989 1159 2027 1.
1169 1989 1247 2041 prosa

139 2063 199 2099 rnen
207 2050 290 2117 adhuc
302 2067 399 2115 quaero.
415 2054 481 2103 Nam
491 2055 542 2103 Dio
552 2056 584 2105 P.
595 2056 674 2107 Thra·
713 2059 739 2105 3.
757 2056 864 2119 Lipsius.

137 2138 208 2174 teani
225 2126 329 2177 Fatum
340 2127 433 2177 saltem
442 2131 568 2192 appellat.
604 2131 674 2181 Mar·
745 2129 936 2192 wammam]
958 2128 1245 2193 Enmagnumscelnst

139 2214 196 2249 mor
213 2208 287 2250 vetus
310 2204 403 2253 suadet
422 2205 554 2256 Valerium
574 2206 652 2259 fuisse
664 2224 671 2259 t
714 2206 783 2256 Nam
795 2212 864 2256 teste
874 2207 947 2255 Suet.
959 2206 1023 2255 Ner.
1035 2209 1075 2255 11.
1093 2204 1246 2256 ‘iuvenali-

137 2287 172 2323 or
192 2288 322 2332 uenturo.
349 2292 470 2331 unxrao.
494 2296 526 2331 ιι.
546 2296 572 2333 r..
593 2289 674 2335 unm-
714 2280 1247 2346 busseneaquoqueConsulares,anusqne

137 2362 673 2411 210.MttstALLA.THRAtut.P1ttscocot.
713 2365 845 2407 matronas
870 2356 973 2419 recepit
998 2356 1031 2405 ad
1054 2354 1156 2404 lusum!
1199 2356 1245 2416 Et,

138 2427 216 2478 Quod
235 2431 284 2482 etsi
309 2431 342 2480 de
367 2434 428 2495 atio,
459 2450 492 2484 ex
519 2437 673 2499 cognomine
715 2439 782 2482 teate
804 2433 901 2494 Dione,
926 2432 1038 2482 instituti
1065 2431 1093 2480 hi
1120 2429 1175 2480 ludi
1196 2445 1246 2494 per

138 2506 227 2552 tamen
239 2505 398 2568 suspicemur
410 2509 443 2558 de
455 2518 541 2571 gente.
713 2523 816 2557 cansam
837 2508 930 2570 posita
940 2522 956 2554 a
969 2507 1075 2556 Nerone
1087 2507 1177 2568 primae
1186 2506 1246 2556 bar·

170 2579 296 2628 Thraseae
312 2582 355 2631 hic
369 2583 510 2636 admirator
524 2586 672 2638 unicusCa·
712 2583 763 2634 ba.
796 2585 832 2634 Et
854 2591 995 2647 propterea
1018 2583 1146 2632 naemu
1172 2582 1246 2645 diuo,

135 2653 216 2718 tonis,
238 2654 271 2706 de
286 2659 361 2721 cujus
372 2660 427 2710 vita
446 2661 540 2711 librum
559 2663 673 2727 scripsit,
713 2659 783 2722 qiua,
794 2666 825 2708 ut
835 2659 957 2722 tyrocinii
966 2659 1010 2709 die
1020 2659 1157 2722 pueritiam
1169 2672 1248 2709 exue·

134 2729 270 2780 indicante
290 2733 440 2785 Plutarcho.
483 2737 586 2787 Laudes
615 2739 672 2802 ejus
713 2733 1195 2798 bant3sic,barbarasa,jurentntenr.

134 2821 233 2870 sparsae
261 2809 288 2858 iu
315 2809 419 2872 Tacito,
435 2810 558 2876 Arriano,
576 2815 672 2866 Dione.
743 2815 757 2841 ¹
772 2808 873 2874 Parum]
891 2810 970 2873 Puto,
981 2812 1076 2860 nuttam
1086 2825 1190 2874 prorsus
1200 2825 1245 2861 ex·

134 2883 189 2937 Sed
209 2892 270 2935 ante
291 2886 341 2936 aiia
363 2887 495 2951 egregium
507 2889 619 2951 elogium
637 2889 670 2940 de
710 2886 795 2937 hibuit
806 2902 912 2951 operam
930 2889 957 2936 in
970 2888 1015 2936 tati
1026 2888 1133 2946 ludicro,
1151 2886 1245 2938 sedric

134 2960 192 3022 illo,
201 2960 281 3024 ipsius
291 2961 404 3012 Neronis
414 2964 440 3012 in
449 2963 587 3014 Plutarchi
598 2966 671 3016 tibet·
711 2962 818 3023 dicitnr,
828 2963 889 3027 quia
900 2976 1016 3025 praesens
1024 2961 1092 3010 indis
1098 2958 1183 3020 affuit,
1191 2975 1245 3009 non

135 3036 163 3095 1⁰
174 3037 373 3100 Praeteritorum
389 3039 571 3103 politicorum:
596 3042 671 3090 ‘Ne-
710 3037 828 3096 laudans,
849 3037 895 3086 sed
921 3035 1058 3100 paedagogi
1079 3040 1108 3084 et
1128 3035 1246 3097 magistri

134 3125 165 3160 ro
185 3111 262 3176 paulo
284 3120 422 3178 antequam
439 3114 574 3166 occideret
590 3115 671 3164 'ihre-
710 3111 805 3161 infensi
815 3112 915 3160 arritum
928 3106 1079 3173 praeferens.
1113 3109 1184 3158 Hinc
1194 3110 1245 3159 cri·

134 3201 206 3236 nam
217 3188 278 3240 odio
289 3195 318 3238 et
329 3195 410 3250 metu,
431 3193 546 3240 attamen
558 3190 671 3254 quodam
711 3202 771 3236 meu
782 3187 912 3250 Thraseae,
930 3190 937 3214 ‘
949 3185 1024 3235 Paeto
1045 3186 1165 3235 'ihr'asea
1187 3185 1245 3235 tris·

134 3262 209 3314 ilium
236 3264 383 3327 incusante,
405 3273 528 3330 tanquam
553 3267 620 3317 male
643 3273 671 3317 et
711 3265 763 3314 tior
791 3272 820 3314 et
838 3263 974 3329 poedagogi
1002 3265 1094 3314 ruitus’
1113 3263 1244 3327 objectus.

134 3339 223 3404 inique
247 3341 409 3404 judicasset:
438 3341 554 3405 Utinam,
585 3342 670 3407 inquit
709 3341 818 3392 Sueton.

134 3417 218 3480 Nero,
229 3432 271 3466 me
282 3419 319 3467 sic
336 3424 436 3468 amaret
451 3419 572 3482 Thrasea,
583 3426 613 3469 ut
625 3435 669 3484 op·
740 3415 753 3450 ¹³
770 3415 942 3480 Επμιίίὸίῑωη]
969 3416 1056 3478 Vulgo
1065 3415 1243 3478 repedatum·

134 3492 214 3544 timus
229 3493 383 3557 judexest!
416 3495 669 3559 Solve,osaire,rir
709 3494 791 3554 Puto,
812 3493 956 3556 scripserat
984 3506 1074 3553 parum
1094 3492 1243 3555 spectatum

134 3583 237 3649 magne,
254 3576 290 3632 et,
308 3569 377 3618 iuter
389 3569 517 3619 Romanor
528 3571 669 3634 sapientes,
708 3584 803 3632 operum
836 3569 986 3633 prebuerat.-
1011 3569 1049 3616 sic
1077 3569 1246 3632 pronuntiant

134 3651 252 3697 unctum
272 3646 334 3695 mihi
354 3660 455 3696 nornen.
486 3647 529 3696 'I'u
548 3661 670 3710 magnum
709 3645 783 3694 multi
796 3643 893 3708 popuii,
904 3643 1080 3705 exornabitur,
1091 3658 1139 3706 pro
1153 3647 1245 3706 spera

133 3718 214 3769 decus
236 3721 345 3770 Gallicae
363 3721 466 3783 gentis:
490 3727 519 3770 tu
538 3736 671 3771 ornamen·
710 3720 789 3771 bitena
823 3720 858 3768 Et
875 3717 966 3767 debuit
982 3719 1097 3781 spectari
1111 3732 1243 3780 eaopera,

134 3801 191 3848 tum
211 3795 335 3845 Romana
347 3797 453 3846 Curiae:
471 3804 500 3846 tu
516 3813 624 3848 aureum
639 3803 671 3850 sj.
711 3801 739 3844 et
750 3802 781 3843 ut
791 3793 947 3858 spectabiles
957 3793 1014 3855 viri,
1024 3794 1063 3842 ita
1073 3800 1100 3842 et
1109 3791 1246 3856 motabilis

132 3872 183 3922 dus
206 3871 337 3922 tenebrosi
355 3872 424 3923 iliius
442 3873 500 3922 reri.
532 3875 588 3923 Tua
603 3875 670 3926 inter
711 3887 800 3937 opera.
826 3874 909 3936 Supra
924 3871 1043 3935 ‘gravior
1052 3872 1137 3921 inerat
1147 3877 1243 3934 metus,

133 3948 261 4012 homines,
293 3963 344 3997 non
370 3948 478 3997 hominis
505 3948 579 4010 rita,
603 3964 671 4000 nova
711 3949 733 3999 si
742 3947 1064 4012 spectaculodefuissent!

133 4026 262 4089 probitas,
283 4025 436 4088 constantia,
454 4023 578 4088 gravitas,
593 4032 622 4075 et
631 4026 668 4074 vi·
742 4023 886 4087 ⁰Oscenos]
913 4024 1011 4074 Odium
1035 4028 1082 4071 aut
1101 4021 1242 4071 amicitiani

131 4108 170 4154 τε
182 4102 325 4166 mortisque
343 4101 479 4166 equabitir
500 4109 584 4151 tenor.
610 4101 667 4165 bip·
707 4100 825 4165 pluribus
849 4100 943 4148 indixit
972 4100 1054 4158 Nero,
1076 4104 1154 4161 prout
1180 4112 1243 4147 euno

113 4177 185 4232 ‚aas
707 4182 855 4226 cantantem
872 4175 952 4236 magis
981 4175 1023 4223 rei
1038 4173 1120 4222 minsis
1137 4173 1241 4223 tardas·

167 4209 391 4316 rhoetum]
417 4251 668 4308 cautae-taoni·
708 4257 777 4319 reat,
792 4258 862 4304 teste
881 4250 1018 4316 Suetonio,
1032 4256 1062 4301 et
1078 4248 1149 4314 apud
1166 4249 1245 4302 Μ·
1286 4254 1291 4266 ’
