2984 4850
189 410 327 474 acea]
542 404 749 454 nuururun
772 405 846 455 aru.
869 403 935 453 xv.
1207 392 1293 459 1987

189 552 356 629 sublatus,
369 549 546 631 imperium
559 548 761 626 invaderet,¹
782 553 908 631 promte
921 547 1050 613 daturis
1064 566 1210 632 operam,
1222 604 1223 607 ,
1235 555 1293 636 qui

191 652 231 719 a⁸
246 652 471 736 conjuratione
478 649 594 731 integri
606 656 729 726 essent,
739 650 863 732 quique
873 650 1101 721 miserarentur
1113 651 1291 732 Neronem,

98 798 104 803 -
190 760 350 836 tauquam
367 771 424 833 per
446 751 558 817 scelus
579 750 797 814 interiectum.
843 750 1012 833 Plerique,
1037 751 1195 818 ‘Vestini
1209 773 1294 837 quo·

188 874 258 937 que
267 852 442 917 Consulis5
452 870 529 915 aere
540 851 709 932 ingenium
718 850 879 916 vitavisse
891 850 1062 917 Pisonem'
1077 854 1292 931 erediderunt,

191 961 258 1018 ‘ne
273 955 317 1018 ad
331 955 517 1018 libertatem
528 958 760 1030 moveretur‚⁹²
774 954 838 1030 vel,
854 952 983 1018 delecto
998 954 1199 1037 Imperatore
1214 956 1292 1031 alio,

190 1059 247 1122 sui
262 1055 403 1119 muueris
419 1053 678 1136 Rempublicam
690 1052 837 1117 faceret?
880 1052 1013 1118 Etenim
1032 1073 1155 1138 expers
1177 1056 1294 1139 conju·

189 1159 328 1223 rationis
347 1163 439 1234 erat3
461 1156 616 1238 quamvis
639 1174 741 1237 super
753 1175 806 1221 -eo
829 1156 985 1235 orimine⁵
1006 1155 1099 1221 Nero
1121 1163 1216 1221 vetus
1235 1158 1294 1221 ad-

189 1278 306 1324 versus
320 1260 480 1321 insontem
495 1257 609 1319 odium
622 1256 820 1338 expleverit.

234 1361 290 1425 ⁵3.
312 1358 460 1421 Tandem
475 1363 629 1434 stentare,
650 1356 846 1421 circensium
860 1356 1012 1420 ludorum
1027 1356 1092 1435 die,
1108 1356 1166 1440 qui
1181 1355 1294 1422 Cereri

189 1456 402 1535 celebratur,¹’
425 1458 547 1541 exequi
572 1456 752 1520 destinata:
781 1458 861 1539 quia
884 1454 1012 1533 Caesar,
1032 1477 1125 1523 rarus
1148 1464 1292 1541 egressu,

188 1591 265 1640 tritus
275 1596 336 1651 erat,
355 1589 433 1637 etsie
450 1591 482 1637 ud
499 1603 588 1637 omnem
603 1590 706 1649 gloriam
723 1595 823 1653 erectus,
842 1586 1002 1653 principatum
1020 1597 1152 1654 occuparet,
1171 1596 1293 1641 strenuum

189 1669 284 1718 operum
294 1653 425 1713 ucnutnris,
442 1655 483 1715 pai
500 1667 516 1700 u
526 1653 685 1713 muneratione
701 1654 788 1702 intacti
804 1660 889 1715 esseut,
909 1660 933 1702 et
952 1656 993 1717 qui
1005 1657 1171 1705 misererentur
1181 1658 1294 1715 Neronis,

188 1721 256 1783 quasi
268 1734 314 1765 non
323 1720 375 1765 aine
382 1716 481 1764 erimine
491 1717 620 1765 interemti.
654 1718 730 1764 Multi
739 1718 917 1778 continuarent,
929 1718 1048 1767 Pisonem
1061 1720 1202 1768 declinasse
1215 1720 1293 1767 etiarn

188 1782 294 1831 Vestini
306 1781 417 1829 consulis
428 1781 557 1843 ingenium
570 1780 655 1840 ferox,
673 1794 706 1828 ue
726 1781 758 1828 ad
776 1780 925 1830 libertatem
943 1782 1068 1831 incitaret
1085 1784 1163 1845 ultro,
1182 1784 1234 1843 vel,
1254 1797 1293 1831 aa·

189 1852 276 1896 sumto
287 1846 330 1893 alii
340 1845 462 1907 principi,
474 1844 567 1907 gratiae
577 1858 663 1906 carisa,
683 1844 812 1893 tribueret
824 1844 971 1906 imperium.
1005 1846 1123 1895 Etenima
1131 1846 1292 1906 coniuratione

188 1910 285 1971 integer
296 1917 364 1965 erot;
379 1922 508 1971 quisquam
523 1907 593 1967 liuius
602 1906 721 1968 facinoris
737 1908 833 1957 obtentu
851 1909 916 1957 Nero
930 1909 1022 1971 priscas
1030 1910 1140 1959 odansue
1151 1910 1294 1958 innocentem

189 1970 494 2030 inimicitiusultusfuerit.
528 1974 531 1979 ’
936 1995 942 2007 ¹

222 2040 324 2087 oman
336 2036 477 2099 conjuratis
486 2034 587 2098 placuit,
598 2034 717 2084 Circensir
726 2036 822 2097 tmen,
832 2036 893 2098 quod
903 2036 930 2084 iu
940 2036 1050 2085 honorem
1060 2036 1154 2086 Cereris
1159 2037 1293 2095 exhibetur,

189 2100 389 2165 dic,dertinctum
394 2098 494 2149 facinus
499 2104 607 2162 patrare:
618 2100 704 2162 quippe
709 2099 819 2162 princeps
829 2115 883 2149 raro
890 2100 969 2149 exitui
977 2100 1002 2150 in
1010 2095 1151 2165 publicum,
1159 2102 1251 2164 palutio
1258 2104 1294 2150 uel
1387 2106 1391 2115 “

651 2230 830 2252 conuentu

186 2300 306 2365 principe
317 2299 391 2349 abest
402 2297 562 2362 praepositio.
595 2297 628 2346 ln
636 2297 688 2373 liis.
698 2298 766 2348 Bud.
777 2297 967 2359 conjurationem.
999 2297 1077 2347 Unde
1088 2296 1225 2348 Rhenanus
1238 2306 1294 2349 ten-

188 2366 261 2415 tabat
280 2364 447 2425 separatione,
467 2363 508 2411 vel
528 2362 757 2422 emeretensis—9
773 2362 816 2412 Sic
838 2363 903 2411 hene
923 2362 1052 2410 Muretus.
1086 2360 1117 2409 In
1130 2363 1194 2414 Mes.
1207 2364 1292 2412 Vatic.

188 2432 256 2494 Reg.
273 2430 339 2493 Agr.
357 2436 385 2478 et
403 2427 520 2477 editione
537 2427 665 2490 principe,
684 2441 713 2475 ne
729 2429 762 2476 ud
779 2427 912 2502 litertatem
928 2431 1069 2500 moeretur.
1103 2425 1136 2474 In
1147 2427 1211 2476 Mas.
1224 2427 1292 2479 Flor.

187 2489 1289 2620 ittititltittltatttriti,istasuntilat.muttit·

690 2674 798 2727 NO'l'AE

221 2779 390 2843 ¹1nucderet]
407 2781 509 2843 Nempe
526 2793 558 2829 ne
575 2779 679 2828 interim
695 2779 723 2828 in
764 2781 842 2832 alium
860 2798 876 2831 a
893 2782 991 2833 Pisone
1006 2782 1152 2847 principem
1162 2781 1293 2848 diligeret.

188 2859 256 2909 urbe
267 2859 406 2920 eligeretur
415 2857 525 2920 Silanus,
535 2862 639 2920 promte
649 2855 723 2905 datu·
763 2858 869 2920 Lipsius.

187 2935 224 2984 ris
245 2948 352 2997 operam
369 2933 476 2995 civibus,
494 2933 540 2997 qui
557 2931 665 2993 innoxii,
684 2932 722 2981 iu·
795 2935 945 2999 Moreretur]
974 2935 1026 2986 Alii
1046 2937 1078 2985 ad
1096 2935 1230 2985 libertatem
1245 2951 1294 2984 nro·

188 3011 267 3060 noxio
285 3011 371 3058 Silano
389 3009 524 3072 imperium
544 3009 613 3057 ultro
633 3007 721 3058 trade·
761 3017 864 3074 ueretm,
884 3011 927 3059 alii
946 3015 1086 3060 moneretur.
1118 3011 1189 3059 Puto
1207 3011 1293 3074 potina

187 3092 258 3135 rent.
763 3085 913 3146 scripserat,
928 3084 1142 3134 neadlibertatem
1150 3085 1294 3146 domaretur,

222 3169 234 3204 5
252 3160 371 3222 Consulis]
388 3159 458 3211 Quia
468 3173 527 3208 cum
537 3158 722 3222 Vestinus,qui
762 3171 856 3222 nempe
866 3159 996 3222 Pisonem,
1007 3171 1035 3208 et
1046 3159 1109 3208 alios
1121 3158 1279 3222 conjuratos.

188 3243 246 3285 tum
263 3235 386 3298 temporis
403 3235 508 3292 Consul,
524 3240 596 3282 esset
611 3233 676 3282 acris
694 3239 722 3283 et
795 3234 860 3282 Erat
876 3233 944 3282 eninr
957 3234 1080 3282 Vestinus
1096 3233 1239 3296 pervicacis
1257 3235 1294 3284 iu·

188 3312 335 3374 pervicacis
346 3310 453 3372 ingenii,
469 3309 556 3373 potuit
568 3309 609 3356 rel
624 3308 722 3357 hortari
763 3307 841 3371 genii,
860 3315 887 3357 et
897 3309 942 3373 qui
952 3308 1080 3372 liempub.
1092 3309 1199 3368 mallet;
1216 3307 1294 3373 idque

188 3392 281 3450 patres
299 3385 333 3433 ad
351 3383 547 3448 reciperandam
564 3383 722 3446 libertatem,
763 3388 880 3432 metuere
892 3383 979 3446 potuit
995 3383 1067 3434 Piso.
1099 3383 1132 3432 In
1147 3382 1235 3433 Vatia.
1255 3385 1294 3433 Na

190 3462 233 3511 rel
255 3462 345 3509 saltem
367 3459 482 3522 deligere
509 3457 565 3520 ipse
587 3457 722 3506 meliorem
763 3461 795 3506 cd
811 3459 943 3509 libertatem
962 3464 1102 3521 moraretur,
1120 3459 1189 3524 qnod
1208 3459 1295 3522 potuit

188 3537 347 3603 principem,
365 3549 415 3597 pro
425 3541 492 3583 nutu
507 3539 536 3582 et
552 3532 656 3596 iugenio
667 3546 723 3593 suo,
762 3531 820 3583 fieri
831 3549 864 3584 ex
873 3549 938 3584 voce
947 3535 1090 3585 hortaretur.

188 3619 219 3662 et
231 3611 358 3675 Rempulr.
371 3608 492 3659 beneficii
508 3609 547 3658 rui
563 3607 659 3671 secere,
677 3622 724 3656 sen
750 3639 752 3642 v
796 3615 808 3641 ²
825 3610 939 3665 Qunam
946 3610 1165 3675 mpereocrimine]
1175 3610 1218 3660 Sic
1226 3609 1296 3659 intra

186 3689 321 3751 imputare
341 3686 395 3734 talc
413 3685 509 3733 donum
530 3683 625 3746 amico,
652 3681 723 3746 quod
763 3687 804 3733 il.
832 3683 964 3732 ‘Pellitur
975 3688 1002 3732 et
1012 3681 1095 3734 Rufus
1105 3685 1240 3748 Crispinus
1251 3699 1294 3734 oc·

186 3763 320 3814 idemest.
763 3758 866 3808 adone
878 3759 1074 3822 conjurationis,
1087 3759 1135 3809 sed
1147 3759 1246 3810 Neroni
1257 3759 1294 3808 in-

181 3865 185 3871 ι
221 3837 470 3886 *Neodiitrrtatem
479 3834 622 3897 matur]
638 3832 725 3883 Vatic.
764 3834 911 3895 risus,'&c.
1173 3877 1176 3882 ,

180 3929 218 3964 ne
237 3917 270 3964 ud
289 3914 421 3962 titertatm
449 3917 589 3960 momatur.
642 3909 724 3959 Ducit
796 3907 874 3966 t‘Qui
895 3909 978 3959 Cereri
996 3906 1137 3970 αἰώνων]
1165 3907 1217 3958 Qui
1237 3906 1293 3956 dies

187 4006 232 4042 ne
242 3992 383 4051 sententia,
400 3998 429 4039 ut
440 3990 535 4053 legam,
551 4003 580 4038 ne
594 3994 637 4038 eut
653 3987 724 4036 liter·
764 3985 848 4050 pridie
866 3986 928 4036 ldus
940 3986 1056 4051 Apriles,
1072 3986 1110 4035 ita
1126 3989 1229 4034 notatus
1241 3983 1293 4034 Ka·

188 4074 264 4117 tatem
282 4069 414 4116 nomae.
442 4067 549 4130 Duplex
567 4065 690 4114 videlicet
706 4078 722 4110 a
761 4060 876 4112 leudesio
884 4063 982 4112 veteri:
999 4061 1184 4111 Lunrcuunur
1192 4073 1201 4104 t
1217 4064 1245 4107 et
1257 4057 1294 4108 bl·

188 4143 300 4193 Vestiuo
318 4148 411 4190 metor.
445 4142 488 4190 Ne
506 4147 552 4189 aut
569 4133 723 4190 honro'acer
764 4136 1123 4200 ducante,LunrrrrCrnco.
1141 4131 1293 4194 Infra,noe·

188 4218 229 4268 ad·
239 4219 388 4275 libertatern
407 4218 531 4284 poputum
543 4222 661 4279 vocarem
679 4219 724 4264 aut
764 4220 819 4265 ter:
846 4217 951 4279 ‘utque
971 4210 1127 4264 Circensium
1146 4207 1293 4272 Cerealium
