2984 4850
228 337 315 404 1908
576 349 609 399 o.
632 346 811 396 conunnu
835 344 961 397 racr'rr
1171 340 1332 411 [u;,u.art:

226 493 398 580 victimis,‘
423 490 599 556 *sublabrm
627 489 757 572 capite²
792 485 950 576 diadema
978 484 1116 574 imagini
1145 485 1291 568 subjecit
1301 493 1329 548 ι’
1358 483 1360 488 ’

227 581 357 678 magnis
380 592 469 676 apud
493 590 647 654 cunctos²
672 592 856 653 animorum
878 587 1042 666 motibus;
1072 605 1158 669 quos
1182 587 1328 667 augebat

226 697 326 760 insita
339 692 451 759 adhuc
470 689 579 757 oculis
599 691 806 754 exercituum
827 687 1056 770 Romanorum
1076 672 1186 752 caedes
1201 685 1332 750 autobss‘

228 797 325 867 sidio.
370 793 443 862 fAt
464 811 553 856 nunc
577 811 691 876 versos
715 807 847 857 casuszp
856 790 978 851 iturum
991 786 1163 850 Tiridaten
1183 787 1327 850 ostentui

225 896 389 980 gentibue,
404 898 528 977 quanto
541 893 656 978 minas.
667 910 769 974 quam
785 890 953 972 captivum
962 887 988 950 l'
1031 934 1033 939 .
1301 925 1306 932 -

268 998 323 1061 30.
345 995 487 1060 Addidit
509 994 624 1074 gloriae
649 990 795 1056 Corbulo
819 991 1011 1054 comitatem
1035 990 1263 1072 epulasquwv
1297 991 1338 1050 etx

225 1161 318 1221 irrigue
336 1162 428 1222 regiam
447 1159 548 1220 imagini
561 1156 684 1206 aalaidis
709 1153 807 1216 maguis
823 1153 887 1215 apud
906 1165 984 1199 omues
1001 1149 1134 1200 animuum
1151 1149 1261 1210 motibus,
1275 1163 1331 1211 quot

225 1225 361 1279 intendebat
373 1226 430 1287 ipsa
440 1239 491 1286 prroe
501 1223 577 1270 adbuc
594 1219 763 1270 olrcereollotur¹
779 1219 852 1266 oculis
867 1217 942 1265 clades
959 1219 1001 1262 cat
1019 1214 1108 1264 obsidio
1128 1213 1247 1288 legionum
1258 1213 1337 1260 Rara:

226 1289 265 1337 At
275 1301 343 1336 nrrnc
355 1294 480 1336 mutatam
492 1285 637 1334 fortunam:
655 1286 752 1332 iturum
763 1281 909 1331 Tiridatem
923 1279 1074 1341 spectaculo
1083 1277 1239 1340 nationrbus,
1254 1291 1338 1340 quam.

227 1367 310 1416 prope
321 1353 347 1399 in
359 1352 455 1413 captivi
465 1350 599 1412 speciem?
657 1359 661 1366 ¹
845 1401 851 1419 Α

242 1436 245 1442 ·
259 1416 377 1477 Adiunxit
386 1415 485 1464 Cabala
495 1414 574 1463 decori
582 1413 715 1461 cambden
726 1415 750 1459 et
760 1408 907 1458 censimum:
917 1411 941 1455 et
947 1410 1042 1470 petente
1050 1405 1158 1456 Tiridate
1166 1418 1263 1469 eorum,
1272 1417 1328 1470 qua

688 1541 836 1564 ΙΙΙΙΙΙΙΙΙ
836 1541 866 1562 Ν
888 1555 921 1575 ¹.

318 1677 320 1680 ,
414 1635 433 1681 2
449 1631 514 1681 Mas.
525 1629 599 1679 Harl.
611 1627 688 1678 Bodl.
700 1627 757 1678 Jes.
767 1631 795 1674 et
805 1624 933 1674 editiones
944 1629 1056 1686 veteres,
1065 1622 1149 1684 copiti.

723 1767 835 1820 NOTAE

259 1887 392 1936 'Caedsea
398 1885 580 1948 moreeictimis]
588 1886 654 1935 Eum
662 1898 761 1935 morem
800 1882 923 1930 bonorem
935 1879 961 1928 in
970 1877 1123 1942 principem,
1134 1892 1150 1926 a
1163 1891 1214 1941 quo
1226 1889 1330 1940 regnum

225 1969 369 2025 suggerunt
379 1962 535 2010 Claudianus
545 1962 561 2009 l.
571 1975 590 2010 r.
599 1961 632 2008 de
641 1959 761 2008 laudibus
801 1956 933 2018 acciperet
944 1954 1082 2004 Tiridates.
1142 2005 1144 2008 ,

225 2037 308 2087 Stilic.
326 2038 334 2064 ‘
345 2037 522 2100 penetralibus
531 2037 616 2102 ignem
623 2026 768 2100 Speratum¹
835 2031 909 2080 Casia
921 2045 951 2078 ex
962 2033 1026 2078 more
1037 2028 1152 2090 victimis]
1168 2027 1211 2076 sic
1229 2041 1281 2076 ιιι.
1292 2031 1333 2076 46.

227 2126 339 2175 rapuere
371 2111 467 2174 adytis,
507 2111 607 2174 rituque
633 2110 760 2173 juvencos
801 2107 834 2156 de
853 2105 1019 2154 Rbadamisto
1035 2105 1124 2166 Ibero,
1143 2109 1171 2152 et
1189 2105 1262 2166 Rege
1282 2101 1332 2152 Ar·

226 2185 351 2238 Chaldaeo
373 2194 488 2235 stravere
511 2187 601 2248 Magi:
635 2200 682 2233 rex
704 2186 760 2246 ipse
800 2181 892 2230 meniae
903 2180 1074 2229 Mithridate:
1096 2178 1196 2228 ‘Simul
1208 2181 1234 2226 ln
1246 2179 1331 2226 lucum

227 2253 365 2311 micantem
385 2261 498 2311 Inclinat
518 2260 612 2309 dextra
634 2269 761 2324 pateram,
801 2259 973 2323 propinquum
987 2256 1216 2319 trahit‚proriaum
1228 2255 1332 2326 illicsa·
1356 2315 1358 2320 Ι

225 2344 381 2402 secretaque
390 2337 448 2386 Beli
459 2339 495 2386 Et
508 2353 573 2400 vaga
586 2333 698 2386 testatur
710 2338 761 2385 vol·
801 2333 935 2395 orificium,
949 2335 1102 2398 imperatum
1113 2330 1257 2380 dictitans!
1291 2331 1337 2404 Iu·⁴

226 2422 331 2463 ventem
351 2413 436 2461 sidera
456 2413 580 2461 Mithram
591 2412 607 2462 :'
632 2413 668 2462 Et
687 2412 761 2462 Sido·
801 2411 901 2475 tellige,
920 2417 944 2465 et
962 2411 1118 2475 imperatam:
1141 2407 1332 2471 conjunctiones

225 2489 284 2539 nius
310 2488 475 2551 Panegyrico
501 2489 611 2537 Leonis:
645 2488 662 2547 ‘¹
676 2489 761 2550 Magis
802 2488 900 2539 omittit
909 2488 1023 2540 Tacitus.
1056 2487 1164 2537 Nullum
1180 2483 1332 2533 foedussine

225 2564 332 2626 juratur
345 2562 377 2611 ab
389 2564 439 2611 illis
457 2563 529 2626 Ignis
545 2570 573 2611 et
589 2562 659 2612 unda
669 2565 759 2612 Deus:
797 2558 976 2627 jurejurando,
1002 2578 1051 2612 nec
1074 2560 1253 2625 jusjurandum
1278 2560 1333 2607 sine

192 2650 195 2656 ’
226 2650 338 2685 necnon
351 2642 410 2683 rata
425 2633 503 2699 pacta
517 2629 614 2686 futura.
648 2638 761 2686 HicDi·
803 2638 915 2687 victimis
935 2644 981 2686 aut
1003 2635 1145 2699 sacrificiis,
1167 2642 1215 2682 nec
1239 2632 1334 2681 sacrifi-

225 2727 272 2761 vos
285 2716 399 2759 testatur
410 2726 480 2759 avos.
498 2712 635 2760 Chaldaeus
646 2712 673 2760 in
684 2712 761 2775 extis,
802 2712 870 2761 cium
880 2712 934 2759 sine
946 2710 1065 2759 convivio
1077 2708 1259 2773 peragebatur.
1319 2766 1324 2771 ι

228 2784 387 2847 Pontificum
407 2786 440 2834 de
460 2800 541 2850 more,
564 2802 645 2836 senex
665 2802 761 2837 arcana
833 2795 842 2819 ⁸
865 2787 983 2849 Subjea't]
1010 2785 1086 2834 Anno
1108 2786 1198 2833 Romae
1220 2784 1332 2833 conditae

229 2862 332 2927 peregit
345 2861 496 2910 Murmura?
689 2871 691 2875 '
771 2901 778 2913 ,
801 2867 857 2911 816.
868 2869 898 2911 ut
909 2876 985 2925 supra
994 2877 1017 2911 c.
1028 2866 1069 2911 22.
1105 2860 1269 2911 Tiltemoniua.

259 2937 355 2987 Strabo
371 2938 449 2986 etiam
464 2937 560 3002 aliquid
577 2937 610 2986 de
625 2938 676 2987 ritu
687 2938 761 2988 victi·
832 2940 840 2971 ¹
855 2938 927 3002 Apud
937 2936 1041 2999 muetos]
1058 2938 1190 2993 Romanos
1200 2949 1293 2997 nempe
1305 2941 1333 2983 et

228 3030 282 3065 mas
294 3013 460 3064 immolandi:
479 3014 552 3063 ‘Ubi
565 3022 652 3063 antem
663 3030 762 3077 magus,
800 3009 921 3060 Parthos.
953 3011 996 3061 Ad
1006 3010 1335 3075 utrosquespectavit‘in·

228 3092 272 3156 qui
282 3104 384 3140 sacrum
403 3090 513 3153 peragit,
529 3104 620 3139 carnes
631 3090 658 3138 in
674 3098 761 3153 partes
801 3085 853 3135 sira
863 3088 946 3137 adbuc
959 3088 1040 3137 oculis
1051 3088 1180 3149 legionum
1192 3086 1279 3136 caedes
1290 3093 1335 3135 aut

227 3165 330 3225 tribuit,
350 3180 396 3213 sua
407 3166 514 3228 quisque
533 3173 641 3229 accepta
652 3165 759 3228 abeunt,
801 3162 901 3211 obsidio
910 3163 927 3223 ς’
942 3164 950 3190 ‘
962 3154 996 3224 At
1006 3178 1072 3213 armo
1083 3178 1168 3223 uersos
1177 3178 1268 3212 casus:
1285 3163 1335 3211 itu-

229 3239 289 3287 Diis
316 3240 380 3287 nibil
408 3240 597 3303 impartientes.
616 3245 618 3249 ’
640 3240 760 3289 Animam
801 3253 858 3285 rum
880 3238 1020 3287 Tiridatem
1043 3237 1174 3299 ostentui,’
1206 3244 1234 3285 et
1264 3236 1342 3301 quari,

230 3315 300 3364 enim
312 3315 391 3362 solam
403 3315 494 3363 hostiae
504 3316 590 3365 Deum
602 3316 668 3364 velle
680 3317 762 3379 aiunt,
802 3314 943 3377 captivum,
964 3314 991 3361 id
1010 3315 1043 3363 ad
1064 3316 1193 3363 Romanos
1214 3320 1336 3376 spectat5

229 3389 293 3437 nihil
301 3393 443 3451 praeterea:
460 3390 651 3439 tamenomenti
660 3385 761 3453 partem
803 3397 830 3438 et
841 3396 902 3438 sunt
913 3396 999 3439 motus
1010 3390 1120 3453 laetitiae,
1137 3388 1180 3454 qui
1192 3390 1219 3437 in
1231 3390 1282 3438 illis
1293 3404 1336 3437 att-

229 3466 342 3529 aliquam
353 3465 472 3527 exiguam
488 3463 600 3513 'flammae
619 3466 770 3529 imponunt,·
803 3470 905 3531 gentur.
944 3464 947 3527 J
1103 3522 1104 3525 Ἴ
1196 3514 1198 3517 ,

229 3546 260 3590 ut
272 3540 377 3603 qrridam
389 3540 517 3589 tradunt!
551 3542 639 3589 Docte
656 3556 717 3604 ergo
728 3540 762 3589 de
833 3546 845 3571 ¹¹
864 3534 1146 3603 Comitalemepulusque]
1162 3538 1337 3603 Adjecitoon-

230 3621 336 3665 omento
354 3611 471 3663 Catullus
490 3617 614 3665 inseruit:
639 3609 762 3665 ‘Gnatus
801 3614 898 3663 virium
910 3615 1032 3677 Corbulo,
1043 3630 1094 3663 non
1104 3631 1136 3663 cx
1146 3616 1271 3665 comitate
1281 3622 1341 3669 tan·,

231 3698 260 3740 ut
272 3696 383 3752 accepto
395 3686 535 3739 veneretur
547 3693 659 3741 carmine
671 3692 764 3753 Divos,
779 3743 781 3748 ,
802 3696 866 3753 tum,
874 3691 918 3739 sed
928 3692 989 3755 qnia
997 3691 1069 3740 velut
1078 3704 1185 3740 necesse
1194 3689 1254 3740 fuit.
1276 3691 1336 3739 Non

232 3761 409 3816 Omentum'in
426 3763 529 3814 flamma
545 3767 639 3831 pingue
654 3765 762 3831 liquefa·
801 3766 870 3815 enim
887 3765 970 3815 foedus
988 3766 1041 3815 sine
1060 3764 1186 3815 sacrificio
1204 3765 1270 3827 fere,
1288 3778 1336 3812 uec

231 3840 322 3892 ciens.'
354 3840 460 3902 Lipsiae.
800 3838 883 3891 foedua
895 3848 940 3891 aut
956 3840 1109 3891 sacrificium
1127 3842 1182 3889 sine
1200 3840 1334 3889 convivio:

265 3911 474 3969 Caesae'rictimae
490 3918 515 3966 in
533 3916 640 3980 foedere,
655 3931 706 3966 non
722 3933 761 3967 so·
802 3918 871 3983 quod
887 3924 961 3981 patet
977 3932 1010 3965 ex
1026 3917 1065 3965 his
1082 3916 1165 3965 infra:
1183 3904 1341 3987 ‘structam'

230 3997 285 4046 lum
297 4012 313 4044 a
330 3994 415 4059 Magis
433 4001 460 4043 et
470 3994 585 4055 Pa'rtbis,
600 3996 735 4045 sedetiam
746 4010 762 4043 a
804 4003 864 4045 ante
876 3997 1000 4061 augurale
1011 4010 1092 4061 arani,
1110 3994 1215 4045 subdita
1225 3992 1285 4044 face
1296 4006 1337 4041 ae·

233 4070 366 4141 Romanis.
393 4069 763 4133 vEtomuiatransactaputem
804 4070 900 4123 cendi!

230 4146 260 4195 in
269 4143 414 4212 principiis,
433 4154 462 4195 et
471 4146 562 4196 castris
572 4144 701 4209 Romanis,
717 4159 763 4209 per
