2984 4850
115 423 119 434 .
160 389 322 456 acm<
512 385 720 438 auunnruu
750 387 824 440 nm.
847 389 914 440 xv.
1171 371 1259 452 leur

160 531 345 596 astantibus
358 531 412 608 iis,
424 549 510 615 qnos
523 532 730 598 testificando
745 532 824 599 Rex
837 534 996 612 misisset,
1009 532 1173 598 nominem
1187 533 1260 600 Ro-

159 651 298 697 manum
322 631 513 696 Annenium
540 634 775 717 ingressurum,
803 637 910 701 donec
933 636 1139 700 referrentur·
1152 635 1260 701 literae

161 731 333 813 Neronis,v
357 755 400 798 en
425 737 503 818 paci
527 737 721 801 annueret*
757 736 845 816 Quae
865 743 904 801 ut
928 736 1088 818 augendae
1110 733 1259 800 insumite

159 837 360 918 composita,
375 836 591 919 sic⁹reliqna¹
604 855 670 902 non
691 837 727 901 in
748 838 891 903 obscuro
911 838 1090 902 habentur:
1111 855 1180 900 uua
1203 835 1260 900 dia

160 936 382 1018 quadraginta
403 937 558 1002 milliumy
578 937 722 1020 spatium
744 937 913 1004 emensum
934 957 1009 1004 ease
1033 935 1178 1014 Poetum,
1200 937 1259 1001 de-

158 1081 186 1118 ae
207 1067 381 1118 obstrinxisse
401 1069 469 1133 apud
489 1067 597 1133 aquilas,
613 1068 785 1131 presentibus
800 1069 843 1130 iia,
858 1083 922 1134 quoa
937 1065 1077 1117 uociendo
1092 1063 1184 1116 t'oederi
1198 1064 1258 1118 nea

158 1132 282 1194 misisset,
293 1136 390 1184 nntium
410 1135 549 1184 Romanum
568 1134 724 1184 intraturum
742 1132 900 1194 Armeniam,
915 1132 1000 1182 donee
1019 1130 1136 1180 redirent
1149 1131 1259 1183 nuntiis

160 1196 277 1259 Nerone,
287 1212 319 1246 an
330 1197 415 1246 mom
424 1198 589 1260 approbaret.
624 1197 684 1253 Quoe
700 1201 727 1246 ut
746 1196 1054 1257 numennumen
1064 1195 1169 1243 dedecori
1180 1194 1259 1258 Pau,

160 1260 195 1309 aie
210 1262 259 1310 otia
275 1277 322 1310 noa
337 1262 428 1312 iarum
444 1262 621 1323 morimur,
632 1261 842 1324 nempe,aaadie
849 1261 1010 1324 quadraginta
1024 1259 1126 1307 Man
1140 1259 1189 1307 iter
1206 1271 1261 1308 coa·

620 1369 667 1390 m
668 1369 801 1390 ΙΙΙΙΙ

160 1434 246 1486 donea
272 1441 375 1487 veteres
395 1443 423 1486 et
444 1436 614 1488 recentiores.
644 1437 795 1500 Rhenanus,
812 1437 956 1500 referente.
994 1437 1025 1486 ln
1048 1437 1101 1486 Ns.
1119 1433 1209 1486 ssueit'.
1231 1440 1261 1485 et

161 1499 277 1551 editione
291 1503 427 1580 principe,
453 1501 615 1552 librariorum
642 1516 739 1567 errore,
758 1502 900 1563 referentur.
931 1503 1097 1552 Baetica-tt
1122 1499 1268 1568 eminane·-

659 1613 767 1666 NOTAE
778 1605 798 1630 ⁶

191 1715 204 1740 ¹
219 1707 434 1774 EteroeNeuaie]
444 1711 561 1776 Uterque
570 1712 690 1776 princepe
728 1714 764 1761 ric
778 1712 879 1777 reliqu]
905 1713 966 1762 Non
985 1716 1051 1775 puto
1068 1707 1198 1758 affirmare
1216 1705 1260 1758 bie

158 1784 243 1856 iiteris
265 1786 403 1835 nuntiabat
432 1801 490 1852 quie
513 1788 574 1837 sciri
600 1789 689 1837 veliet.
729 1788 858 1851 Tacitum,
879 1803 938 1852 quea
960 1787 1037 1835 modo
1058 1786 1217 1842 narraverat,
1244 1795 1261 1832 a

161 1859 231 1908 Nam
240 1859 309 1910 infra
319 1866 360 1911 at.
377 1863 472 1912 ‘Veris
484 1863 612 1928 principio
622 1864 691 1926 lepa-
730 1863 878 1914 Corbulone
888 1860 1050 1922 bertrame,
1063 1859 1107 1908 aed
1124 1858 1174 1906 boc
1183 1856 1261 1918 velie,

160 1934 182 1983 ti
205 1935 360 1986 Parthorum
382 1939 503 1989 mandata
522 1939 591 2001 regis
611 1940 690 1989 Volo·
730 1940 808 1988 etiam
826 1940 847 1989 ei
862 1939 928 1988 fides
942 1937 1012 1986 forte
1029 1929 1061 1984 iia
1081 1933 1262 1996 derogaretur,

161 2010 237 2072 getis,
256 2010 396 2076 literaeque
413 2011 439 2062 in
457 2013 564 2062 eandem
580 2011 690 2062 formam
730 2032 782 2067 nou
803 2015 922 2080 ambigna
941 2027 997 2063 eaae
1019 2012 1070 2061 aiia
1089 2008 1158 2058 baud
1176 2007 1260 2058 minua

161 2084 291 2133 attulere)
730 2091 809 2144 foeda.
840 2093 906 2144 Qum
917 2090 1065 2140 meosbanc
1084 2083 1261 2149 potinaaerip·

193 2159 273 2209 Forte
291 2175 324 2210 ne
344 2163 424 2225 legati
442 2164 564 2213 mandata
585 2163 691 2227 egrede-
731 2169 830 2218 uenam
851 2167 996 2218 derideret:
1021 2164 1081 2220 Qu
1098 2166 1127 2211 “i
1145 2160 1260 2221 ΝΜ

159 2241 262 2297 rentur,
284 2236 325 2284 uei
349 2238 409 2301 quia
434 2238 537 2287 minoris
556 2239 691 2302 diguitatis
730 2244 840 2306 iafaaaiae
864 2243 991 2306 muer
1016 2241 1075 2303 siat,
1099 2237 1203 2299 reliquo,
1218 2238 1260 2298 bt·

159 2316 248 2373 erant,
268 2325 345 2376 quam
362 2320 391 2362 ut
409 2327 499 2363 vocem
514 2316 692 2363 consociarent
731 2319 930 2368 Freinabemiua.

160 2401 221 2438 cnm
232 2389 360 2455 principe,
368 2392 401 2440 ad
411 2405 486 2457 quiem
497 2391 683 2443 mittebuntur.¹
766 2396 826 2453 Qaae
845 2399 872 2444 at
892 2393 1005 2456 maceda
1019 2386 1135 2450 insuaue]
1160 2386 1260 2435 Tum
1361 2361 1368 2374 ⁹

187 2464 239 2513 Vel
251 2465 312 2529 quia
323 2466 349 2514 id
360 2466 495 2530 dignitatis
504 2476 531 2518 et
540 2470 629 2533 Regiae
638 2484 691 2517 ma·
730 2474 773 2522 hic
784 2473 888 2521 videtur
900 2469 1088 2519 emulationem
1100 2461 1261 2515 Corbulonis.

155 2539 261 2604 jestatis
276 2540 335 2604 fuit,
344 2550 374 2591 nt
385 2558 413 2593 se
424 2559 472 2608 per
482 2544 570 2593 literas
582 2544 690 2593 invicem
732 2550 800 2598 Hm
811 2556 898 2597 tamen
909 2561 960 2595 non
971 2544 1036 2593 dicit
1051 2542 1084 2591 ab
1100 2542 1157 2605 ipro
1172 2552 1263 2601 compo·

159 2629 236 2679 regea
264 2618 416 2682 salutarent,
445 2619 688 2685 admonerentque:
728 2625 778 2673 rita
799 2638 872 2683 eaae;
888 2637 947 2671 nam
968 2622 1025 2685 ipse
1044 2618 1146 2678 obtem,
1163 2623 1191 2665 et
1205 2614 1261 2667 1110

158 2697 250 2741 cetera
271 2694 400 2757 mandata,
423 2709 481 2758 qura
511 2692 690 2744 difficultatem
730 2701 764 2750 ab
776 2700 832 2750 aliia
840 2700 991 2762 resciverat,
1005 2696 1049 2760 qni
1064 2694 1134 2744 sorte
1150 2693 1188 2743 sic
1200 2692 1264 2743 Cor·

159 2765 296 2830 haberant,
307 2768 387 2831 legati
405 2768 569 2834 expedirent,
584 2782 691 2834 perage·
730 2776 819 2825 boloni
847 2779 1049 2836 assentarentur,
1075 2777 1104 2821 et
1130 2767 1262 2821 infamiam

159 2848 227 2892 rent.
730 2851 946 2915 Pmtiangerent·
1329 2906 1332 2917 ι

192 2925 209 2950 '
224 2917 266 2967 Aa
278 2919 332 2982 poci
348 2919 472 2982 maeret]
495 2921 556 2970 Non
565 2920 599 2968 de
610 2925 689 2983 pacto
764 2926 842 2975 Carta
850 2925 885 2974 da
892 2925 1018 2988 pnbaia,et
1027 2921 1060 2970 de
1071 2920 1150 2971 tridui
1157 2920 1261 2982 itinere,

158 2992 229 3041 Poeti
241 2995 540 3059 praeciseinteiiigit,sed
549 2994 582 3044 de
593 3008 691 3044 aemma
731 3013 799 3048 nunc
810 3000 953 3049 incertumr
969 2997 1016 3045 sed
1028 2995 1102 3045 valde
1121 2993 1261 3043 verisimiie
1283 3021 1292 3036 x

156 3068 240 3130 pacis,
256 3082 349 3131 nempe
366 3083 399 3117 an
416 3069 564 3119 Armeniam
582 3068 691 3119 Tiridati
731 3081 782 3137 est,
792 3074 894 3124 Paetum
909 3072 1064 3135 promisisse,
1078 3069 1196 3121 macer
1212 3068 1262 3117 Ro·

159 3141 325 3193 concederet.
351 3142 477 3193 Intiaid.
496 3144 534 3193 sic
551 3133 692 3207 scripierat
731 3164 825 3198 maara
840 3147 977 3197 Amanium
992 3142 1263 3207 ingeminandum

158 3216 302 3281 Vologeses
322 3218 433 3269 Neroni:
461 3220 537 3270 ‘Nec
560 3224 692 3269 recusutu·
732 3223 851 3272 redirent
858 3221 941 3270 nuntii
951 3221 1021 3271 mirsi
1032 3218 1064 3270 ad
1076 3218 1229 3282 principem.

159 3306 216 3341 rum
227 3292 368 3344 Tiridatem
382 3295 533 3358 accipiendo
551 3294 691 3344 diademati
765 3298 833 3347 Nam
844 3311 890 3345 cur
901 3310 934 3345 ex
945 3300 1024 3358 pacto
1040 3292 1213 3343 abscederent
1229 3292 1264 3342 ie·

157 3368 187 3415 in
200 3367 290 3416 urbem
308 3369 463 3432 renire,niai
480 3369 618 3417 sacerdotii
634 3369 693 3418 reb·
733 3372 822 3437 giones
836 3369 971 3433 Armenia,
988 3383 1046 3419 cum
1065 3369 1125 3417 Rex
1142 3368 1262 3418 mitteret

158 3443 236 3506 gioee
246 3444 410 3493 attineretur.
446 3446 547 3495 Iturum
568 3445 693 3509 adsigna
731 3448 836 3499 nuntios
852 3445 962 3506 Neroni,
983 3444 1006 3493 si
1021 3442 1109 3493 atatim
1129 3442 1263 3493 obsidione

159 3526 189 3567 et
200 3516 300 3582 effigies
312 3520 456 3583 principis.'
731 3524 851 3574 liberate
871 3521 987 3583 legiones
1006 3518 1153 3569 Armeniam
1174 3533 1262 3571 rursus

191 3596 296 3647 Summa
308 3600 380 3662 pacis
391 3600 476 3663 posita
492 3600 518 3651 in
535 3602 621 3666 modo,
640 3616 691 3669 quo
731 3598 901 3649 invaderent?
936 3594 980 3645 Ad
1002 3595 1066 3659 quid
1088 3595 1172 3644 niuntii
1193 3594 1263 3645 missi

159 3672 292 3736 reciperet
313 3671 462 3723 Armeniam
482 3675 629 3737 'liridateu
659 3691 692 3727 au
731 3672 906 3733 Romam‚niai
917 3677 1102 3735 expectaretur
1112 3671 1213 3721 illorum
1225 3684 1266 3720 re·

159 3746 276 3797 absentia
295 3750 419 3813 principia
434 3749 570 3813 imaginem
586 3766 692 3801 venera-
732 3751 811 3811 ditus,
821 3757 849 3800 et
865 3749 888 3798 ai
905 3750 993 3799 atatim
1004 3755 1065 3797 ante
1073 3748 1162 3797 literas
1171 3760 1263 3810 accep·

160 3827 233 3871 retur
249 3822 276 3871 in
294 3824 385 3871 cestria
396 3825 527 3873 nomenis
546 3826 616 3889 apud
633 3826 693 3877 Ori·
732 3833 773 3876 tas
785 3826 883 3874 bellom
890 3824 1096 3873 instauraretur?

158 3902 264 3959 entem3
280 3902 409 3962 enipeum
429 3901 572 3964 principem
584 3902 611 3951 in
629 3902 693 3953 erbe
763 3909 774 3942 1
792 3899 959 3961 Quadraginta
969 3896 1083 3960 millium]
1102 3892 1264 3957 Suntiissffss·

159 3972 297 4034 adoraret3
308 3989 340 4022 an
350 3988 380 4022 eo
390 3989 469 4039 iraque
478 3976 624 4039 superbiam
632 3978 694 4027 Par·
733 3976 754 4025 ti
764 3976 844 4025 leuce
855 3974 980 4034 Gallicam
990 3973 1060 4037 quod
1068 3971 1173 4022 nimium
1183 3976 1212 4022 et
1226 3968 1263 4017 in·

159 4047 210 4097 tbis
225 4049 370 4112 ingenitam
389 4050 556 4103 submitteret
573 4052 693 4117 princeps
731 4052 817 4101 solens
833 4051 894 4100 duci
910 4056 1009 4099 tentam
1024 4047 1266 4110 moiemiegiooum,

159 4122 287 4173 Arsacida
298 4126 427 4191 Regirque
438 4128 522 4189 magni
533 4126 624 4178 frater.
734 4125 808 4175 clade
824 4126 1166 4189 perculsammquc,*totque
1180 4136 1263 4187 aegro·

192 4204 205 4231 ⁸
218 4198 441 4262 Quonam
449 4197 703 4269 Wumiaroarpoaitu,'
734 4208 776 4251 tos
787 4215 875 4252 secum
886 4200 1010 4251 babenti.
1242 4204 1247 4211 ’
