2984 4850
252 358 343 435 m
605 366 638 417 c.
660 358 846 415 consuant
868 355 1000 406 ractrr
1195 348 1357 417 [susm.

250 524 319 583 ost·
375 506 531 583 Liberto'·
561 514 597 577 et
624 502 814 573 accusatori
839 500 1017 585 praemium
1045 509 1171 578 operm,
1200 490 1299 555 locus
1327 484 1361 549 in

254 618 382 685 fflaettc
406 615 489 679 inter
514 602 662 677 viatores
687 597 922 679 'l'ribunicios,i
942 599 1050 663 datur.
1092 591 1289 665 Etmensis,
1304 585 1363 667 qni

255 718 415 803 Aprilem,
428 713 631 795 eundemque
645 707 848 783 Neroneum,
860 702 1072 786 sequebatur,
1087 694 1204 759 Maius
1220 685 1365 769 Claudii,

255 839 1366 995 taut,st.t:l.tttstntts,ustttlursulssstcst

754 1040 867 1095 NOTAE

256 1163 370 1227 mortem
391 1156 556 1222 permittens,
574 1158 602 1203 et
615 1150 670 1202 siue
681 1148 791 1201 arbitrio
866 1144 977 1194 Viatores
1000 1139 1117 1190 habuere
1144 1136 1247 1187 'lbibsai
1271 1134 1366 1198 plebis,

258 1238 354 1297 alieno,
365 1247 458 1297 nempe
470 1237 499 1282 nt
509 1246 557 1296 pro
573 1244 619 1280 sno
631 1234 697 1278 nutu
709 1239 791 1290 genus
832 1220 953 1280 Gunela,
970 1218 1100 1276 Proetsrcq
1110 1214 1212 1275 AEdiles,
1225 1217 1255 1260 et
1270 1208 1365 1274 reliqui

259 1314 350 1363 tuortis
361 1311 498 1375 eligerent.
830 1295 1000 1358 magistratus
1011 1290 1131 1355 proprios
1142 1287 1267 1335 habuere.

293 1386 305 1423 ¹¹
316 1388 425 1449 Libente]
440 1386 526 1451 Igitur
536 1382 672 1447 distinguit
683 1380 752 1430 inter
762 1378 793 1427 li·
864 1370 906 1419 An
920 1368 1031 1416 viatores
1041 1365 1104 1413 serni
1115 1362 1222 1424 fuerint,
1231 1360 1367 1425 qnaeritnr.

260 1460 364 1515 bertum
376 1468 404 1512 et
415 1467 607 1519 recreatorem
623 1459 661 1507 its
672 1462 702 1505 ut
716 1454 794 1503 liber·
831 1445 914 1497 Docti
922 1444 971 1493 viri
982 1441 1099 1491 mutiunt
1108 1438 1187 1491 fnisse
1196 1439 1268 1487 cives
1276 1438 1369 1485 Roma·

262 1546 303 1588 tus
312 1539 357 1587 ille
368 1537 446 1585 index
456 1541 555 1584 tanturn
564 1532 656 1594 fuerit,
665 1538 693 1581 et
702 1529 794 1581 Demi·
832 1536 889 1571 nos.
924 1520 960 1567 Et
969 1524 1041 1567 certe
1054 1514 1193 1581 quomodo,
1204 1518 1251 1561 ant
1261 1526 1314 1575 quo
1323 1510 1369 1559 de·

262 1617 480 1663 sausseonsator.
833 1587 1369 1657 eore,Nerolibertoistiprarniumoperae

293 1686 385 1737 troas
394 1684 419 1734 ia
428 1684 591 1733 ttontroiater
597 1683 701 1729 uiatores
710 1678 795 1728 viba·
835 1671 963 1728 dedisset,
978 1668 1063 1715 locum
1082 1666 1109 1712 in
1126 1664 1228 1712 tlreatro
1239 1662 1311 1709 inter
1321 1660 1371 1708 oio·

261 1761 348 1823 aiaios]
365 1761 463 1809 Omnes
480 1758 559 1806 hocce
577 1769 656 1819 genus
674 1753 752 1815 serui,
769 1751 796 1799 in
836 1749 907 1805 tores,
916 1744 939 1791 si
950 1742 976 1789 bi
985 1741 1055 1790 servi
1065 1738 1197 1787 fuissent?
1231 1738 1268 1785 Et
1280 1736 1370 1785 Livius

263 1850 360 1903 genera
371 1833 435 1883 dieti
442 1833 610 1897 Appositorss,
616 1830 686 1895 quod
694 1828 798 1878 scilieet
837 1821 854 1870 l·
868 1832 989 1869 mvlss·
1009 1817 1047 1865 sic
1065 1815 1165 1876 scribit,
1175 1815 1183 1843 ‘
1193 1819 1223 1864 ut
1238 1820 1371 1877 postremo

263 1909 455 1975 magistratibus
465 1909 625 1959 assisterent.
658 1908 693 1955 Et
704 1912 734 1953 ut
746 1917 797 1951 ser·
837 1896 931 1945 scribae
940 1894 1102 1957 viatoresque
1114 1891 1231 1940 tribunos
1243 1889 1373 1953 relinque·

263 1989 290 2037 vi
307 1987 355 2047 illi,
370 1999 416 2034 sen
435 1983 510 2048 quasi
526 1982 605 2043 servi,
613 1980 695 2029 multa
713 1975 798 2026 officia
837 1972 926 2031 rent),

263 2061 506 2129 prostituentes
519 2062 594 2124 plura
604 2059 709 2107 nomina
719 2056 800 2104 babu-
869 2048 964 2111 ltaque
978 2046 1088 2096 Viatores
1102 2059 1119 2091 a
1130 2042 1212 2092 servis
1231 2040 1373 2104 servilique

262 2152 309 2188 ere
327 2150 374 2201 pro
388 2136 498 2185 diversis
511 2134 686 2197 temporibus,
711 2143 799 2179 mnne·
837 2122 963 2172 comittit!
990 2120 1125 2169 discernit·
1158 2119 1193 2166 Et
1221 2114 1293 2164 aliud
1321 2120 1373 2177 eti.

264 2212 348 2272 ribus,
374 2216 419 2259 aut
436 2208 628 2270 magistratibus
644 2205 736 2269 quibus
759 2204 799 2250 in·
837 2192 1372 2256 mammeaetotert,attudseroaoem.

263 2286 422 2337 serviebant.
456 2285 550 2347 ltaque
571 2282 656 2331 vocati
682 2280 799 2337 Viatores,
839 2276 1022 2325 EtaVarrone
1034 2279 1061 2321 et
1073 2270 1146 2321 Livio
1157 2270 1305 2333 apparitores
1323 2281 1376 2316 ser·

264 2362 376 2425 Accessi,
385 2362 499 2420 meroes,
512 2359 678 2419 Summotores,
688 2356 801 2405 Miriss-
840 2351 866 2399 si
877 2349 974 2414 publici
990 2346 1125 2411 appellati,
1135 2345 1180 2411 qni
1190 2350 1280 2393 tamen
1293 2357 1330 2392 ex
1344 2343 1375 2392 li·

265 2432 801 2502 Q1ffl1w‚0fficin,offlctabr‚liu-
839 2426 1148 2487 bertinogenereeraut.
1181 2418 1224 2470 Sic
1235 2416 1293 2468 fere
1304 2418 1376 2470 Mur·

266 2521 366 2576 eumer,
378 2513 459 2562 Missi.
839 2502 890 2550 cell.
899 2501 1020 2550 Donatus.

300 2589 338 2639 At
362 2589 479 2636 lictores
507 2585 671 2650 apparebant
699 2589 800 2632 mutum
871 2576 925 2626 Sed
945 2581 1020 2639 puto,
1039 2573 1267 2638 distinguendum
1284 2571 1375 2629 borum

267 2662 472 2724 magistratibus,
479 2661 523 2724 qui
533 2655 801 2724 auctoritatemhabe-
839 2653 1019 2702 ministrorum
1028 2651 1075 2700 alii
1095 2664 1129 2698 ex
1147 2649 1236 2697 intima
1254 2648 1336 2710 plebe
1346 2653 1375 2698 et

265 2743 329 2788 rent
337 2736 456 2796 vocandi,
466 2733 655 2797 prehendendi,
663 2732 763 2796 ligandi
773 2737 802 2780 et
840 2720 953 2790 ingenua
961 2725 1068 2787 delecti,
1076 2725 1121 2774 alii
1130 2739 1163 2774 ex
1169 2725 1252 2774 servis
1260 2723 1378 2786 Reipub·

267 2809 406 2882 puniendi:
418 2817 446 2858 et
455 2809 488 2858 ab
496 2809 556 2856 aliis
567 2807 594 2854 in
601 2807 650 2856 boc
659 2805 803 2870 distingue·
841 2803 910 2866 bea,
920 2802 963 2851 alii
979 2801 1106 2850 extersis
1124 2815 1171 2850 seu
1187 2800 1292 2849 libertis
1308 2799 1377 2862 ipso·

269 2881 598 2949 bantur,quodsecuribns
611 2881 801 2944 etvirgissnp·
842 2892 899 2927 rum
920 2878 1129 2939 magistratuum.
1167 2875 1221 2926 Sed
1243 2875 1270 2923 hi
1293 2872 1377 2924 ultimi

268 2962 375 3028 plieium
385 2959 417 3011 de
427 2959 476 3010 reis
484 2963 617 3010 sumerent
623 2957 698 3020 jussu
709 2957 803 3021 magis-
843 2952 939 3002 talibus
959 2951 1107 3001 ministeriis
1128 2951 1278 3000 libertatem
1295 2948 1376 3018 ⁸siruul

269 3031 394 3090 tratuum.
842 3034 872 3098 st
881 3027 1017 3078 civitatem
1026 3027 1247 3091 adipiscebantur.

268 3175 271 3181 .
302 3113 395 3177 ltaque
409 3109 520 3161 curules
530 3109 643 3160 habuere
654 3109 757 3169 bimos,
772 3113 803 3158 nt
876 3105 1056 3154 interemtores
1068 3103 1225 3172 munao]
1241 3101 1379 3166 Qutspea

269 3193 299 3238 et
310 3186 410 3237 latua
421 3185 549 3236 coarmari
561 3191 701 3249 potestate,
712 3190 740 3233 et
754 3184 803 3234 lar·
843 3184 913 3230 tasse
923 3181 998 3230 ludos
1009 3180 1141 3242 ridentur,
1152 3193 1204 3229 non
1220 3179 1348 3244 abjuncto
1362 3190 1379 3227 a

268 3266 398 3332 pumera.
544 3307 546 3314 .
586 3255 588 3260 '
842 3255 963 3305 Tribunis
973 3255 1042 3328 lqco,
1052 3255 1091 3302 nti
1106 3254 1140 3303 ad
1155 3254 1281 3319 obsequia
1300 3266 1378 3317 appa·

269 3395 272 3402 ,
303 3333 404 3386 decessi
421 3329 575 3384 munust'uit
591 3332 708 3394 vocandi,
724 3337 753 3382 et
770 3331 804 3382 ab
843 3345 902 3391 rere
913 3337 1030 3394 possent.
1061 3329 1220 3397 liocautcm
1231 3330 1379 3392 interpra-

270 3411 379 3460 oceisndo
390 3409 427 3458 sie
436 3410 532 3459 dietus.
565 3410 600 3460 Et
614 3409 714 3458 cintoria
724 3407 805 3458 etiarn
844 3408 909 3456 mia:
921 3408 982 3471 quis
990 3406 1123 3456 Tribunos
1130 3400 1314 3456 honestissimo
1323 3407 1379 3458 loeo

270 3483 385 3534 uocandi
397 3499 488 3534 munus
504 3483 563 3538 fnit.
844 3490 986 3546 spectasse,
994 3482 1037 3531 rel
1047 3481 1107 3531 lrine
1116 3483 1232 3544 colligas,
1241 3481 1311 3544 qnod
1323 3481 1379 3530 Ca·

270 3563 272 3568 '
305 3560 357 3610 Sed
374 3561 401 3610 iu
421 3561 469 3612 boc
481 3561 597 3610 distincti
608 3560 655 3620 illi,
666 3559 735 3624 quod
749 3560 806 3610 Vis·
845 3558 898 3607 sari
914 3558 986 3610 Julio
1007 3557 1078 3607 inter
1097 3559 1205 3607 bonores
1225 3557 1378 3607 decretum:

271 3641 336 3706 tores
357 3651 407 3686 non
426 3638 509 3685 solum
528 3636 646 3698 vocandi,
666 3636 805 3686 sedetiam
845 3634 897 3684 ‘ut
914 3649 1019 3698 semper
1037 3635 1102 3683 sella
1113 3634 1197 3683 curuli
1209 3633 1326 3695 sederet,
1335 3645 1381 3680 cx·

273 3712 806 3778 ligandijushaberent,nonitemdeorrrsi.
846 3717 924 3781 cepto
936 3725 982 3774 per
993 3709 1077 3759 ludos.
1107 3711 1170 3758 'lum
1183 3709 1252 3758 enim
1262 3705 1381 3779 semioei

274 3790 367 3854 Cicero
379 3789 405 3837 iu
416 3789 566 3838 Vatinium:
582 3789 590 3816 ‘
604 3788 742 3854 Miserlsne
754 3789 807 3837 via·
846 3785 872 3833 in
884 3785 1035 3835 Tribunicio
1046 3785 1177 3846 subsellio,
1194 3785 1263 3832 inter
1280 3797 1326 3844 eos
1337 3779 1381 3846 qui

273 3871 370 3936 torem,
388 3865 431 3930 qni
448 3865 487 3914 M.
499 3865 621 3914 Bibulum
635 3863 659 3912 vi
675 3863 807 3934 domne»
847 3875 952 3926 quoqne
967 3874 1033 3909 anno
1044 3860 1155 3910 Tribuni
1174 3865 1273 3922 essent,
1288 3871 1382 3907 conce·

276 3937 409 3990 traheret'
848 3935 978 3986 debatur!
1010 3937 1063 3986 Dio
1084 3937 1130 3985 lib.
1151 3947 1228 3986 sur.
1259 3933 1381 3998 Itemque

272 4069 285 4086 Ι
309 4013 502 4068 senatoriam
522 4029 613 4064 munus
630 4013 809 4078 fuit,meridie
849 4021 942 4077 postea
961 4009 1099 4074 Augusto:
1125 4012 1133 4040 ‘
1155 4016 1185 4060 ut
1205 4009 1232 4060 iu
1252 4007 1381 4060 subselliis

276 4091 439 4142 ecnelamare
457 4089 568 4156 populo,
585 4089 654 4156 qnod
669 4087 810 4139 nonfacie·
837 4081 1023 4138 ⁴'l'ribunorunr
1050 4085 1133 4151 plebis
1160 4081 1284 4135 sederet'
1327 4077 1382 4133 nto

278 4166 419 4218 batciotor.
849 4162 930 4229 idem,
940 4163 1008 4212 libro
1018 4175 1094 4213 mr.
1120 4159 1226 4224 lipsa.
