2984 4850
225 295 313 366 1900
582 307 979 363 consummamur
1071 312 1072 318 ¹
1167 308 1337 379 [numm

223 455 366 521 utilitate
377 453 846 539 aooepmumremquoqna
859 464 959 519 unum
970 454 1043 519 urbi
1053 454 1206 524 molere.
1227 454 1338 523 Erant

226 564 346 635 tamen,
377 560 435 639 qni
463 558 642 635 crederent,
675 562 836 622 ‘veterem
852 558 944 620 illam
970 556 1108 620 sormam
1134 556 1334 621 salubritati

225 659 334 740 magis
354 656 571 735 conduxisse,
595 660 751 742 qnoniam
774 658 938 739 angustiae
961 658 1157 720 itinernmet
1183 654 1335 721 altitudo

225 764 400 822 tectorump
421 779 486 822 non
500 752 635 841 perinde
644 758 728 822 solis
738 778 863 841 vapore
871 764 1173 841 perrumperentnr:
1200 765 1239 823 at
1250 778 1336 821 nunc

225 860 375 940 patulam
399 859 635 936 latitudinem,q
655 866 690 923 ct
713 860 805 923 nulla
818 860 936 923 umbra
964 858 1144 937 defensam,
1175 860 1335 941 graviore

225 965 313 1025 aestn
325 959 519 1026 ardescere?
1329 1006 1338 1043 ·.

266 1056 322 1124 44.
345 1060 389 1124 Et
416 1061 490 1124 hoec
516 1061 651 1143 quidem
683 1061 839 1127 humanis
868 1062 1018 1127 consiliis
1054 1062 1332 1145 providebantur:

225 1158 313 1227 Mox
326 1163 433 1246 petita
446 1164 536 1229 Diis¹
554 1165 714 1247 piacula,r
727 1164 875 1248 aditique
890 1160 1029 1246 Sibyllae
1042 1164 1130 1241 libri,
1145 1185 1193 1229 ex
1209 1165 1334 1247 quibus

222 1265 452 1349 supplicatum
475 1265 629 1332 Vulcano
652 1272 685 1330 et
707 1266 823 1331 Cereri
842 1266 1129 1349 Proserpinaeqne,
1152 1286 1196 1329 ac
1220 1266 1335 1349 propi*

224 1368 307 1433 tiata
320 1366 343 1433 J
345 1388 409 1433 uno
424 1388 484 1453 per
498 1370 677 1447 matronas,
699 1366 846 1452 primum
860 1368 896 1430 in
914 1366 1083 1449 capitolio,
1098 1366 1222 1430 deinde
1242 1364 1332 1449 apud

223 1571 262 1614 trr
271 1566 412 1629 utilitatem,
420 1569 619 1631 pulchritudinem
631 1570 776 1622 aionem
786 1570 881 1619 civitati
891 1570 1012 1619 addidere.
1023 1569 1102 1617 Erant
1113 1572 1205 1623 tamen,
1218 1564 1260 1633 qui
1271 1562 1332 1613 orris

224 1631 345 1694 timerent,
356 1634 469 1695 priscum
479 1633 550 1682 illum
565 1636 672 1683 struendi
689 1634 793 1683 modum
810 1634 952 1683 valetudini
964 1635 1044 1695 magis
1063 1632 1152 1679 utilem
1164 1629 1261 1689 fuisse,
1274 1627 1332 1692 quis

224 1703 299 1744 arcta
316 1696 404 1758 spatia
420 1698 529 1759 viarum,
539 1704 568 1745 et
590 1698 775 1747 sublimitatem
796 1698 965 1747 aedificiorum
980 1712 1030 1745 non
1051 1696 1158 1759 perinde
1178 1701 1259 1741 ustus
1272 1692 1330 1763 solis

224 1760 439 1871 pervaderetriat
457 1776 524 1809 nunc
535 1762 589 1811 late
601 1768 721 1826 patentes
739 1764 794 1812 rias
805 1769 833 1811 et
844 1762 914 1811 nulla
933 1763 1065 1823 opacitate
1077 1760 1209 1821 obtectas,
1229 1756 1331 1805 acriore

223 1837 256 1870 va
276 1838 319 1871 ore
331 1838 467 1873 enarrare.
1253 1846 1255 1849 ·

258 1840 292 1935 pEt
304 1889 345 1936 itta
355 1890 449 1950 quidem
466 1889 569 1937 burana
582 1890 709 1951 prudentio
726 1889 916 1953 disponebantur.
949 1888 1119 1950 Deinquaen'ta
1129 1900 1160 1935 ea
1173 1885 1238 1935 Diis
1252 1884 1329 1947 placo

223 1958 311 2009 menta,
321 1954 421 2015 lectique
431 1958 491 2001 sunt
499 1953 555 2001 libri
566 1952 688 2015 Sibyllini,
698 1970 796 2016 quorum
805 1954 897 2002 monitu
906 1958 1038 2015 nrreaupata
1048 1958 1109 1999 suut
1120 1956 1175 2002 rota
1191 1951 1296 1999 Vulcano
1306 1950 1330 1997 ei

225 2017 308 2063 Cereri
320 2016 523 2081 Proserpinaeque,
536 2021 561 2065 at
567 2019 663 2079 placata
678 2019 744 2067 duno
753 2034 796 2081 per
805 2016 1036 2079 inergumenum,
1044 2017 1146 2081 primrun
1162 2016 1191 2065 in
1204 2011 1333 2077 Capitolio,

685 2156 863 2179 evaunen

256 2262 270 2305 l
288 2243 309 2306 Ἀ
321 2258 379 2313 Diir
388 2258 455 2307 Edd.
467 2259 536 2322 vulp.
546 2265 575 2309 et
585 2260 733 2309 Gronovius
741 2266 769 2307 et
781 2259 895 2322 Ryckius
907 2258 933 2306 in
942 2274 988 2309 sno
996 2264 1069 2307 textu
1081 2256 1198 2306 retinent
1208 2250 1329 2317 praeposi*

224 2322 339 2382 tionem;
355 2330 384 2372 ut
394 2331 505 2387 uterque
524 2324 660 2378 delendam
676 2332 777 2387 putant.
809 2323 953 2373 ‘Nondum
965 2323 1032 2371 eninr
1050 2320 1123 2371 facte
1141 2321 1230 2369 Deum
1241 2318 1326 2379 placa-

222 2394 319 2451 menta,
330 2387 378 2438 sed
389 2389 497 2453 quesita
506 2399 564 2455 'quae
576 2389 608 2438 iis
619 2387 713 2438 tierent
724 2388 837 2453 piacula,
848 2387 965 2452 aditique
977 2387 1082 2451 Sibyllae
1092 2383 1166 2436 iibri?
1201 2383 1245 2434 Sic
1264 2382 1327 2430 Bro-

721 2514 830 2570 norm

254 2632 573 2691 ”Angrutiaitinarurnet
591 2633 696 2682 altitudo
706 2636 754 2681 tec·
794 2630 848 2680 sole
868 2630 981 2694 desuper
1003 2641 1085 2690 vapor
1105 2623 1257 2676 immittitur
1283 2625 1326 2672 ant

221 2706 311 2768 torum]
327 2709 393 2758 Quae
408 2710 644 2757 tamenntiaeansa
657 2709 754 2771 impru·
794 2708 920 2758 vibratur.
955 2706 1105 2758 Praesertim
1125 2705 1180 2752 solo
1210 2702 1324 2768 cetoque

222 2782 316 2830 buitur
327 2783 443 2832 Fabiano
461 2785 530 2845 apud
549 2783 676 2832 Senecam
693 2788 754 2832 con·
794 2785 888 2834 calido.
1089 2819 1092 2822 -

223 2865 291 2906 troo.
302 2863 360 2907 219.
376 2860 479 2909 ‘Tanta
498 2859 609 2908 altitudo
632 2859 754 2908 aedificio·
826 2863 909 2910 'illex
927 2859 1004 2923 petito
1029 2857 1088 2908 Diis
1102 2856 1213 2920 piacula]
1229 2853 1323 2908 ,Doleo

199 2929 204 2936 '
222 2947 278 2981 rnrn
290 2943 340 2996 est,
356 2941 488 2999 tantaque
506 2937 556 2983 rior
563 2950 605 2983 um
617 2935 755 2998 angustiae,
793 2936 1021 3000 praepositionem:
1038 2935 1172 2984 vultenim
1183 2931 1325 2996 conquisitu

222 3018 253 3057 ut
263 3025 349 3074 neque
366 3011 581 3075 adversusignem
595 3011 754 3074 praesidium,
794 3015 897 3078 piacula
913 3014 969 3062 sire
992 3011 1120 3062 sacrificiu
1138 3009 1324 3075 piacularium

221 3099 308 3149 neque
316 3101 349 3134 ex
360 3087 441 3135 ruinis
451 3088 529 3135 ullam
539 3087 565 3136 in
577 3092 678 3150 partem
689 3083 753 3135 ella·
793 3104 876 3151 sacre,
886 3104 945 3153 quoe
957 3088 1015 3138 Diis
1026 3088 1128 3138 tierent.

221 3162 353 3224 glumsit!
387 3164 569 3213 Freinshemius.
824 3167 848 3216 Δ
862 3166 931 3228 Diis]
958 3168 1041 3228 Bene,
1060 3182 1075 3216 a
1091 3165 1149 3214 Diis
1170 3164 1256 3228 petita
1273 3160 1323 3226 pia-

254 3235 457 3298 tLatituds'aem]
484 3239 592 3288 Viarnrn
610 3253 704 3302 nempe
723 3243 753 3288 et
793 3244 861 3306 cula,
879 3241 982 3306 quibus,
997 3255 1100 3304 nempe,
1118 3240 1219 3288 scelera
1233 3242 1323 3288 morta·

222 3311 350 3360 ricorurur
370 3313 422 3362 duo
438 3319 507 3375 sunt,
517 3328 576 3378 qum
590 3314 627 3362 sic
639 3321 753 3376 augeant
791 3319 853 3368 liam
871 3319 1030 3366 cinerentur.
1063 3315 1157 3378 Neque
1177 3311 1323 3374 sotrrmptu

222 3388 345 3448 calorem,
371 3403 475 3451 nempe,
498 3390 559 3454 qnia
579 3391 662 3439 minas
690 3393 751 3440 altas
793 3395 869 3446 candi
880 3395 933 3455 Dii,
944 3393 991 3442 sed
1010 3391 1090 3441 etium
1108 3389 1216 3452 pollutis
1227 3385 1322 3450 flagitio

221 3468 281 3511 sunt
300 3461 401 3524 domus,
428 3471 457 3514 et
478 3463 581 3515 facilius
605 3468 753 3530 perrumpit
792 3470 931 3533 mentibus,
947 3473 975 3521 et
990 3466 1059 3516 torte
1071 3464 1224 3527 corporibus
1234 3462 1320 3512 salire·

222 3552 304 3600 uapor
321 3540 382 3588 solis
398 3555 480 3605 usqne
492 3541 525 3590 ad
536 3542 635 3591 medias
649 3549 678 3592 et
688 3544 753 3592 imas
793 3545 915 3595 nieadum
936 3543 996 3605 tuit,
1007 3542 1199 3604 supplicatione
1211 3548 1237 3590 ot
1248 3536 1319 3588 seori

221 3613 325 3664 aedilicii
333 3622 440 3678 partes;
455 3621 483 3666 et
495 3619 573 3666 etiam
581 3619 692 3669 latitudo
701 3620 752 3668 via·
793 3621 866 3673 ticio:
894 3620 962 3686 quod
985 3617 1157 3682 repetendum
1176 3615 1320 3674 remedium,

221 3705 288 3752 rum,
306 3692 556 3758 lapideatmturum,
575 3697 752 3748 vehementius
794 3713 839 3748 seu
856 3698 985 3760 piaculum
1007 3695 1060 3746 fuit
1085 3710 1102 3744 a
1122 3693 1180 3744 Diis
1205 3689 1317 3758 propitiis

221 3777 249 3816 et
258 3768 336 3817 latins
347 3771 458 3818 calorem
470 3769 590 3822 reflectit.
793 3773 879 3824 tactis.

253 3845 318 3894 Cum
330 3855 449 3894 econtra
469 3855 584 3910 angusta
599 3849 650 3898 rire
667 3855 696 3898 et
714 3864 752 3898 an
825 3851 869 3900 Dii
887 3864 949 3900 vero
971 3861 1022 3898 non
1044 3838 1199 3910 indigebant
1221 3840 1318 3908 piaculo

220 3921 482 3985 nonantulanae
502 3927 622 3988 opacitas
640 3927 751 3986 riarum,
792 3926 919 3989 prucise3
941 3925 987 3976 sed
1010 3923 1125 3974 hominos
1146 3921 1316 3972 othoninum

220 3997 298 4045 talem
318 4012 438 4061 vaporem
470 4015 518 4048 sen
538 4002 651 4050 calorem
672 4002 752 4051 interr
792 4002 900 4067 flagitia.
932 4003 1025 4066 Itaque
1037 4013 1089 4050 nou
1097 3999 1166 4058 Diis,
1181 3993 1316 4051 sedth't't

220 4082 359 4134 rumpau13
375 4076 752 4140 etsicnequeexparimcntis
791 4079 854 4144 ipsis
880 4079 986 4143 piacula
1012 4077 1063 4128 sibi
1089 4077 1212 4139 repetunt
1236 4066 1314 4122 miseri

219 4147 318 4205 *iarum
336 4157 415 4208 astus
439 4151 597 4219 reflectitur,
616 4167 699 4218 neque
717 4167 751 4204 ex
790 4155 929 4220 mutilae:
948 4153 1016 4218 quod
1034 4165 1083 4217 por
1103 4150 1196 4204 uniam
1217 4149 1315 4204 Domiti
