2984 4850
246 330 334 399 2100
582 343 634 392 .c.
656 340 838 391 consumi
862 339 987 391 usurus
1182 345 1343 411 [nunu.

247 486 420 555 codicillos
435 484 527 551 Nero
543 490 759 568 properanter
772 484 920 567 occepit,
935 491 1021 567 spe,²
1036 485 1227 551 exterritum
1241 487 1346 553 'lbra-

247 608 340 656 soum
356 581 579 670 scripsisses
597 603 657 668 per
672 602 748 666 quse
763 583 1005 647 claritudinem4
1018 586 1187 669 Principis
1206 590 1345 653 extolle-

246 694 307 766 ret,
322 692 482 770 suumque
506 688 628 751 fumum
651 683 893 749 dehonestaret.
937 683 1039 762 Quod
1060 688 1118 750 ubi
1139 708 1204 751 nou
1224 690 1344 769 evenit,

139 782 148 793 ⁸
246 790 441 869 vultumque
450 793 496 853 et⁵
508 784 679 870 spiritus⁶⁸
693 791 727 850 et
740 786 923 849 libertatem
934 788 1074 851 insontis
1085 789 1170 851 ultro
1181 790 1344 868 extimuit,

246 893 257 924 ‘
267 890 382 955 vocari
397 887 524 953 Potres’
545 889 667 971 jubet]
711 887 801 951 Tum
814 886 964 951 Thrasea
985 888 1069 951 inter
1081 889 1255 970 proximos
1269 910 1347 953 cone

247 990 396 1067 saltavit,
419 993 616 1053 ‘tentaretue
641 988 879 1065 defensionem,
895 1008 938 1051 un
961 987 1160 1071 sperneret?l
1204 990 1347 1058 Diversa

246 1090 389 1154 consilia
405 1090 631 1153 afferebantur.
823 1150 826 1154 f

288 1190 343 1255 25.
366 1189 500 1267 Quibus
525 1190 636 1253 intrari
658 1189 785 1253 curiam
810 1191 980 1273 placebat,
1004 1193 1163 1254 ‘mensos
1188 1200 1277 1255 esse¹
1303 1192 1343 1257 de

247 1291 434 1355 constantin
446 1288 541 1374 ejus,'
555 1289 722 1354 dixerunt:
736 1290 840 1353 ‘nihil
855 1290 1034 1367 dicturum,
1042 1291 1107 1353 nisi
1122 1311 1190 1374 quo
1207 1294 1346 1374 gloriam

247 1468 360 1519 duretur.
395 1470 450 1517 llus
461 1470 544 1517 literas
549 1468 697 1527 festinanter
705 1472 796 1534 uccepit
808 1471 882 1529 Nero,
892 1485 998 1533 meurs,
1008 1476 1072 1519 rnetn
1080 1472 1212 1534 purulentis
1225 1472 1349 1521 Thuseun

249 1546 281 1580 eu
291 1532 419 1594 scripsisse,
437 1548 480 1594 prr
490 1548 542 1593 quie
551 1532 652 1593 glirium
668 1534 818 1595 imperaturis
834 1536 950 1596 evelleret,
966 1550 1074 1597 monsque
1084 1534 1178 1610 fumusne
1192 1536 1348 1611 imminueret:

251 1596 371 1649 Meli
381 1611 427 1643 nun
437 1598 557 1657 mrum,
568 1600 729 1659 sensuumque
748 1604 772 1647 et
790 1599 945 1647 ninantur
964 1598 1141 1661 libertatesque
1157 1605 1287 1648 smmis
1302 1614 1349 1647 ιιη

246 1660 311 1706 ultro
321 1658 426 1723 emnil,
438 1660 524 1709 vocari
541 1660 748 1719 senatumjnssit.
783 1663 842 1710 lion
855 1664 956 1711 Tlruseu
974 1662 1037 1710 iuter
1052 1662 1138 1710 umiuus
1154 1662 1303 1724 delibcruuit,
1317 1678 1348 1714 sn

248 1722 361 1771 dilueret
372 1724 479 1784 crimen,
489 1738 520 1772 nn
534 1730 725 1785 aspernaretur.
760 1725 807 1774 Sed
818 1726 959 1774 indiversus
968 1726 1099 1774 untentim
1107 1726 1319 1776 distrulielluntrsr..

252 1788 261 1797 ‘
286 1784 321 1833 lli
332 1786 415 1849 quibus
425 1788 504 1835 uenire
520 1802 577 1835 euni
588 1787 613 1834 ιἰι
624 1792 731 1836 senutmn
746 1789 861 1850 plucubut,
873 1789 951 1851 ipsius
962 1787 1144 1837 firmitudinem
1156 1790 1233 1838 animi
1245 1791 1293 1839 sibi
1305 1806 1347 1839 nu·

249 1847 375 1898 tissimum
385 1864 453 1912 esse,
465 1851 636 1912 disseruerunt,
647 1852 761 1917 nihilque
773 1854 933 1915 prolaturum
945 1852 1030 1915 ipsunt,
1050 1854 1098 1901 nisi
1116 1867 1167 1917 quo
1184 1854 1266 1903 decus
1283 1870 1349 1904 m

280 2087 295 2133 2
313 2084 355 2133 Sic
369 2086 466 2149 optime
486 2088 634 2137 Rhenanus.
666 2090 697 2138 ln
709 2092 774 2139 Mss.
790 2097 818 2139 et
829 2094 958 2143 veteribus
978 2094 1141 2155 editionibus,
1156 2109 1218 2157 supe
1236 2109 1284 2157 pro
1300 2109 1347 2159 spe.

249 2148 360 2197 Brotier.
392 2150 419 2197 Si
430 2166 493 2213 supe
505 2153 642 2211 genrduum
662 2154 704 2210 sit,
721 2154 754 2202 nd
771 2156 902 2205 Neronem
923 2156 1099 2207 referendum.
1125 2160 1290 2222 sturmus
1306 2160 1348 2209 lts

248 2211 312 2259 Mss.
325 2212 393 2260 Flor.
416 2214 479 2274 lien.
493 2214 556 2275 Agr.
577 2216 654 2266 Curb.
674 2218 755 2267 editio
773 2218 894 2283 princeps
910 2230 937 2269 et
955 2223 1122 2271 recentiores.
1156 2223 1187 2271 ln
1199 2224 1262 2273 illus.
1275 2223 1348 2274 Harl.

251 2274 327 2325 Rodl.
338 2276 394 2327 les.
406 2284 432 2325 et
445 2278 613 2340 Puteolanus,
622 2282 733 2337 musnet
750 2281 819 2345 quod
836 2282 965 2333 immerito
976 2285 1095 2335 defendit
1113 2286 1130 2337 J
1134 2319 1140 2334 ·
1152 2286 1182 2334 F.
1193 2287 1347 2336 Gronovius.

249 2340 406 2389 Brutum
424 2341 473 2389 Ms.
487 2342 574 2392 Corb..
586 2345 732 2401 cleritatem
746 2351 778 2393 ut
798 2352 825 2395 et
847 2347 928 2395 editio
945 2350 1123 2411 princeps—5
1144 2352 1177 2398 lit
1193 2351 1280 2406 omisit
1296 2352 1347 2400 Ns.

247 2402 353 2454 les—6
366 2402 400 2454 ln
411 2406 474 2456 Mss.
488 2406 553 2468 neg.
563 2407 641 2457 Corb.
652 2415 681 2458 et
691 2408 805 2459 editione
813 2410 940 2474 principe,
950 2413 1118 2475 munros—⁷
1135 2414 1179 2464 lts
1190 2416 1255 2464 lise.
1268 2415 1347 2465 editio

249 2467 371 2530 princeps
383 2476 411 2517 et
421 2472 587 2519 recentiores.
620 2473 788 2530 Puteolanus,
798 2475 882 2537 jussit,
892 2481 920 2523 et
932 2477 969 2524 sic
982 2472 1106 2539 Ryckius.
1119 2515 1123 2521 .
1147 2537 1159 2546 ³

282 2534 295 2578 l
314 2533 373 2580 Esse
388 2548 413 2583 se
424 2534 528 2584 volebut
542 2535 744 2612 Groslotiusewt
761 2537 805 2586 ste
827 2537 893 2590 bene
913 2539 978 2590 Mss.
997 2542 1149 2604 Flor.1teg.
1168 2543 1248 2592 Corb.
1268 2542 1347 2592 editio

744 2680 854 2733 NO’l'AE

280 2779 443 2845 ‘Scripsissd
488 2785 557 2834 Olim
580 2789 688 2851 urrisu,
709 2792 778 2854 quod
819 2795 926 2858 tumque
944 2795 1024 2845 odore
1044 2797 1196 2861 proficiunt:
1213 2799 1253 2848 its
1268 2799 1348 2848 virtus

249 2871 301 2906 nou
311 2858 366 2906 sine
379 2873 455 2908 seusu
466 2861 607 2912 commodo.
642 2865 779 2913 Nemeum
819 2870 958 2920 utilitatem
976 2872 1056 2921 etiam
1067 2888 1099 2921 ex
1110 2875 1249 2938 longinquo
1268 2883 1297 2925 et
1315 2877 1349 2924 la·
1426 2883 1432 2891 ’

250 2933 335 2994 egitur
350 2933 383 2981 de
402 2935 538 2998 codicillis,
548 2939 645 2988 sessim
662 2945 690 2988 et
706 2941 779 3002 scrip·
809 2952 878 3013 ,teus
895 2947 997 3010 fundit3
1013 2950 1067 2998 sire
1087 2951 1186 3014 spargit
1206 2959 1235 3000 et
1254 2967 1283 3000 se
1300 2952 1348 3001 uti·

198 3073 201 3076 Ι
248 3008 306 3055 sisse
321 3006 378 3056 fere
395 3023 474 3058 riuum
493 3018 522 3060 et
540 3013 609 3061 idem
629 3020 678 3064 est.
711 3014 780 3062 Etsi
820 3026 871 3082 tur,
891 3037 938 3071 suo
949 3025 1022 3087 jure3
1047 3025 1101 3074 sire
1122 3028 1253 3089 precarios
1270 3029 1348 3078 babet

249 3083 372 3132 sensisset
381 3084 495 3134 Tbrsseu
506 3087 602 3150 aliquid
613 3086 718 3151 humile,
729 3104 780 3153 quo
819 3110 948 3160 secessus,
957 3100 1109 3163 cogiturque
1116 3102 1173 3150 vela
1181 3105 1347 3164 conturbem

251 3157 383 3206 Neronem
397 3159 582 3224 demereretur,
598 3163 635 3212 sic
648 3166 781 3214 claritudi·
819 3171 875 3220 sire
886 3173 969 3222 otiose
987 3181 1110 3238 mentuque
1125 3182 1175 3237 est,
1194 3184 1222 3226 et
1241 3187 1348 3242 urgmto

250 3241 309 3279 uem
321 3228 446 3295 priudlpis
458 3235 533 3284 valde
543 3237 693 3290 extollebat.
819 3245 1022 3309 circumscripto,
1032 3249 1087 3298 sive
1095 3251 1234 3312 adspersu:
1251 3254 1278 3302 in
1289 3271 1349 3320 quo·

282 3304 343 3368 Sed,
361 3310 391 3363 ut
410 3321 471 3356 rere
491 3309 584 3373 dicatu,
604 3308 659 3360 t'ere
679 3315 780 3380 turpius
818 3334 926 3383 cumque
936 3321 1026 3372 babitu
1037 3331 1087 3384 est,
1097 3324 1220 3386 prodest!

249 3377 331 3429 fuerit
350 3380 395 3429 tali
412 3381 467 3430 viro
483 3387 588 3446 sensisse,
610 3403 687 3450 quem
706 3392 780 3453 scrip-
855 3395 1005 3459 Vultnmuse]
1033 3399 1103 3448 Olim
1115 3398 1227 3450 infensus
1239 3405 1348 3467 Neroni,

249 3453 315 3502 sisse
347 3455 452 3505 Manent
475 3457 553 3519 igitur
571 3463 676 3523 senum,
698 3475 725 3512 et
744 3465 781 3512 siu
819 3468 853 3516 ub
876 3471 1000 3521 virtutem
1027 3480 1055 3522 et
1077 3475 1173 3537 priscus
1194 3493 1348 3544 severusque

251 3529 358 3578 validior
369 3544 456 3580 sensus
467 3533 561 3592 Taciti,
570 3543 597 3584 et
606 3535 669 3597 μέγα
680 3540 781 3600 φρονεῖν,
819 3557 911 3603 mores,
930 3552 959 3595 et
980 3551 1009 3596 ut
1032 3547 1111 3599 bubet
1130 3550 1205 3601 Suet.
1223 3553 1291 3601 Ner.
1306 3558 1347 3603 81.

251 3617 284 3652 ex
305 3605 401 3653 virtute
420 3613 449 3656 et
468 3610 596 3672 sapientia
615 3613 704 3662 Stoice
720 3613 780 3662 iuti·
818 3617 1042 3670 ‘Paeto'lbrnseui
1054 3624 1153 3672 tristior
1167 3632 1196 3673 et
1211 3626 1347 3690 paedsgogi

246 3675 329 3730 mum.
818 3695 911 3743 ‚vultus'
922 3695 1041 3758 objectus
1052 3705 1101 3748 est.

284 3737 610 3824 sl'nltumqneetspilitns]
637 3763 736 3812 Seneca
747 3764 780 3813 de
852 3767 865 3800 l
890 3768 1028 3834 Spernsrst]
1070 3771 1221 3848 Omitteret,
1243 3777 1346 3841 abjectu

250 3833 480 3896 Tranquilsnirni,
496 3841 555 3884 etl.
573 3839 727 3902 ‘Nunquam
744 3841 782 3888 in·
821 3858 868 3908 spe
887 3845 993 3895 sslrrtist
1022 3849 1084 3912 quia
1106 3859 1201 3914 nempe
1226 3852 1345 3904 invalida

251 3907 322 3954 rutilis
343 3915 383 3956 est
404 3922 483 3971 opera
503 3909 564 3958 civis
581 3911 649 3960 boni.
682 3912 780 3963 Audito
819 3920 899 3984 leges,
921 3925 992 3973 nullu
1012 3928 1154 3977 auctoritas
1180 3937 1295 3993 patrum,
1319 3938 1346 3981 st

251 3982 329 4044 enim,
346 3984 413 4045 visu,
430 3985 512 4047 vultu,
523 3995 596 4052 nutis,
607 3989 779 4043 obstinatione
819 3997 874 4044 sols
887 3996 1030 4049 deleturum
1042 4002 1142 4052 seritis
1150 4003 1259 4069 vigebat
1267 4008 1348 4056 riure-

249 4055 345 4118 tscits,
354 4058 507 4126 incessuque
522 4061 577 4125 ipso
595 4065 709 4128 prodest.
742 4068 780 4120 Ut
819 4069 924 4135 batque.

252 4129 374 4181 s'sluturis
386 4135 503 4198 quaedam
519 4137 586 4188 citrs
606 4145 707 4202 gustum
727 4147 781 4193 tsc-
