2984 4850
269 394 357 465 2062
628 408 661 457 e.
684 404 866 459 coenatur
889 403 1016 454 'escrrr
1214 410 1371 477 [auara.

269 558 345 621 nius
361 548 537 631 Fabatus,k
559 551 671 634 Eques
694 550 890 613 Romanus:
912 550 983 631 qui,
1006 549 1177 631 appellato
1199 550 1368 633 Principe,

268 658 444 723 instantem
460 654 700 718 damnationem
714 651 873 728 frustrati,
888 670 970 714 mox
984 652 1163 728 Neronem,
1178 651 1369 715 circasum·

268 778 326 822 ma
340 754 473 821 scelere¹
492 756 683 831 distentum,
698 756 795 837 quasi
809 755 953 816 minores
967 772 1111 817 evasere.

311 860 344 923 9.
366 858 460 923 Tunc
475 858 627 920 consulto
642 856 797 919 Senatus¹
823 853 969 918 ‘Cassio
989 863 1022 917 et
1045 852 1295 919 Silanoexilia’
1315 853 1372 917 de-

270 967 462 1024 cernuntur:
495 959 562 1021 ‘de
586 956 717 1039 Lepida
742 955 859 1020 Caesar
881 956 1060 1021 statueret!
1103 956 1370 1037 Depurtatusque

269 1061 304 1123 in
313 1062 454 1125 insulam
469 1060 676 1125 Sardiniamm
692 1057 840 1135 CassiuS,
853 1065 886 1122 et
898 1066 1050 1122 senectus
1062 1057 1151 1139 ejus²
1169 1057 1371 1139 expectaba-

269 1167 347 1228 tur.¹¹
380 1163 527 1239 Silanus,
541 1167 700 1244 tanquam
716 1159 867 1224 Nexum⁰
882 1160 1107 1235 deveheretur,
1122 1158 1270 1235 Ostiam?
1282 1177 1372 1221 amo-

273 1348 557 1410 ermenradam
569 1348 698 1397 Marcellus
710 1348 832 1396 Cornelius
842 1362 855 1395 e
861 1346 979 1409 patribus,
990 1351 1013 1395 et
1025 1346 1166 1409 Calpurnius
1178 1344 1285 1393 Fabatus
1295 1359 1372 1407 equa·

268 1414 302 1461 tri
312 1415 375 1463 loro:
391 1416 430 1479 qui
441 1416 556 1477 appellate
567 1414 668 1473 Curare,
679 1427 731 1459 cum
747 1410 906 1459 imminentem
920 1411 1093 1459 murmurem
1109 1411 1245 1469 remiserat,
1256 1409 1312 1458 aaa
1323 1410 1372 1459 Ne·

269 1491 324 1525 rurus
333 1478 396 1526 circa
406 1494 492 1539 magna
502 1478 602 1526 ammira
612 1481 730 1538 resumta,
740 1475 814 1524 veluti
826 1476 863 1523 rei
875 1476 983 1534 minores,
989 1477 1117 1536 perniciem
1128 1475 1240 1523 wasers.

305 1542 369 1591 Turre
378 1546 470 1591 decrelo
480 1547 574 1602 patrum
584 1541 686 1589 Cassius
704 1547 731 1587 et
746 1540 847 1587 silanus
868 1539 893 1587 in
904 1539 1010 1587 exilium
1021 1540 1166 1600 pelluntur;
1185 1544 1214 1586 ut
1225 1538 1259 1585 de
1271 1535 1372 1598 Lepida

206 1651 211 1659 ,
268 1602 423 1654 decerneret
435 1607 566 1668 princeps,
575 1619 689 1652 cautae.
723 1602 896 1664 Abtegatusque
907 1609 948 1651 est
959 1605 984 1651 is
1001 1605 1101 1651 tamtam
1116 1602 1254 1649 Sardium
1267 1601 1373 1661 Cassius,

268 1672 292 1716 et
302 1674 407 1718 renectere
425 1670 473 1729 cius
482 1668 658 1732 expectabatur.
690 1664 788 1715 Silurus
798 1666 824 1712 in
841 1666 963 1730 speciem,
980 1670 1046 1729 quasi
1057 1668 1157 1714 Nasum
1171 1666 1316 1727 deteratur,
1327 1665 1371 1712 Or·

302 1913 316 1957 1
334 1908 377 1957 Its
387 1909 451 1957 Mer.
464 1908 590 1958 editiones
601 1914 703 1957 veteres
721 1914 749 1956 et
760 1909 928 1957 recentiores.
960 1907 993 1956 In
1011 1906 1334 1968 meditarenturrurrutte,
1345 1909 1373 1953 et

269 1973 307 2022 sic
318 1973 524 2022 Grannum-a
541 1971 662 2034 Egregie,
673 1972 711 2019 uti
728 1972 838 2033 solebat,
856 1972 1009 2021 Francircus
1028 1971 1148 2020 Medicis.
1181 1971 1328 2033 Perpetem
1347 1968 1372 2017 in

269 2038 332 2086 Ma.
350 2044 378 2083 et
389 2037 503 2084 editione
515 2036 641 2097 principe,
657 2041 752 2083 seramus
767 2036 817 2094 ejus
834 2036 1009 2098 expectabatur.
1043 2037 1094 2083 Ms.
1116 2036 1179 2096 Agr.
1198 2037 1297 2096 penates
1315 2032 1371 2091 ejus.

269 2100 458 2149 Emendaverat
475 2100 641 2160 Puteolanus,
657 2104 752 2147 seratas
763 2101 823 2159 jeus.-
840 2101 908 2161 qnod
930 2100 1023 2161 recipit
1043 2099 1158 2161 Ryclriur
1176 2105 1204 2146 et
1217 2098 1373 2147 Gronovius.

267 2162 421 2225 Palmerius,
431 2164 618 2222 serratusjussus.
651 2164 808 2223 Davanam,
818 2164 969 2223 Mucium
986 2168 1012 2211 el
1030 2163 1056 2210 in
1073 2162 1300 2224 interpretatione,
1316 2160 1372 2208 s'ar·

265 2228 392 2289 paranate
409 2242 450 2273 suo
463 2226 524 2290 fiae.
557 2227 615 2275 Jam
636 2241 714 2288 supra
734 2227 800 2274 dixit
819 2227 926 2276 Tacitus
946 2226 1038 2275 Annal.
1050 2240 1113 2275 1111.
1125 2230 1165 2274 33.
1182 2226 1234 2275 ‘P.
1246 2226 1372 2282 Celerem,

269 2296 407 2341 accersente
421 2291 491 2349 Asia,
502 2291 563 2353 quia
574 2290 707 2338 absolvere
718 2289 844 2353 nequibat
860 2291 958 2352 Caesar,
977 2292 1057 2338 traxit
1074 2298 1180 2339 senecta
1199 2288 1284 2337 donec
1304 2288 1371 2335 diem

268 2354 371 2403 obiret)
405 2356 477 2402 Bene
494 2354 606 2417 quidem,
623 2353 669 2401 sed
686 2368 737 2402 non
757 2353 850 2402 Italica
870 2356 1016 2403 Davanzati
1039 2355 1176 2415 brevitate,
1197 2354 1237 2402 Cl.
1255 2350 1372 2413 Gomon,

267 2418 275 2448 ‘
287 2419 389 2469 Cassius
400 2433 452 2467 nes
465 2417 628 2482 transported
640 2416 694 2466 into
712 2418 839 2478 Sardinia,
851 2418 912 2480 and,
923 2420 949 2468 in
960 2419 1053 2482 regard
1070 2418 1101 2468 of
1117 2419 1156 2468 lris
1172 2422 1248 2480 great
1257 2431 1317 2478 age,
1329 2416 1371 2463 tlre

267 2485 339 2533 short
350 2483 460 2532 remeius
471 2481 502 2532 of
518 2483 556 2532 bis
575 2481 620 2531 life
636 2495 705 2532 erere
725 2482 837 2546 spared.'
870 2485 979 2532 Frustra
997 2483 1119 2533 Heinsius
1140 2496 1188 2546 pro
1204 2481 1372 2544 capsam

268 2547 546 2612 tentatrerpertabater.
578 2546 693 2597 Brotier.
837 2547 842 2551 ’
956 2566 959 2572 ·

766 2691 872 2740 NOTAE

296 2799 450 2848 lMarcetlrn
463 2800 596 2862 Cornelius]
616 2801 700 2852 Quem
712 2801 798 2850 Galba
838 2803 869 2851 F.
881 2804 904 2852 1.
938 2803 1065 2853 Alcistus.

267 2873 508 2923 deindeinterfecit.
525 2875 797 2929 Histor.l.r.‘Qnsm
870 2876 966 2928 ¹Cr'rca
981 2895 1071 2928 summa
1086 2878 1185 2940 nelma]
1210 2876 1253 2928 An
1274 2877 1373 2927 scelera

267 2950 374 3014 gloriam
393 2950 425 2998 sd
444 2950 617 3013 principatum
636 2951 731 3012 attulit,
748 2953 797 3000 nisi
838 2953 961 3016 Neronis,
981 2969 1130 3016 aneorum,
1151 2954 1194 3018 qui
1214 2953 1372 3002 accusabun-

263 3025 347 3075 occisi
359 3027 508 3076 Obultronii
524 3026 621 3082 Sabini,
637 3033 664 3075 et
682 3027 798 3076 Cornelii
838 3029 899 3076 tur?
917 3036 981 3092 puto
992 3030 1077 3092 potius
1089 3045 1186 3078 summa
1197 3034 1278 3079 vocat
1289 3028 1372 3078 crimi-

267 3101 387 3149 Mercelli
416 3103 443 3149 in
466 3101 617 3164 Hispaniai’
660 3101 730 3150 Noto
756 3118 797 3165 eo,
838 3123 871 3156 na
890 3110 1029 3170 mnjenatr's,
1050 3110 1120 3158 circa
1140 3124 1196 3172 qua
1218 3106 1373 3156 vindicanda

264 3178 327 3240 quia
345 3177 449 3224 Tacitus
469 3177 525 3239 ipse
544 3177 674 3238 admonet,
686 3180 798 3228 evasisse
838 3183 970 3234 districtus
981 3194 1009 3234 et
1018 3191 1159 3248 occupatus
1177 3184 1262 3244 Nero,
1274 3184 1374 3230 minora

265 3251 370 3299 eosboc
383 3251 528 3313 discrimen,
545 3255 573 3299 et
592 3252 692 3301 Neroni
709 3267 798 3316 super·
837 3261 961 3323 neglexit,
985 3268 1030 3308 airt
1051 3261 1238 3309 dissimulavit:
1265 3259 1373 3308 distine-

267 3322 355 3396 ἷῦῑῦὓὲ·
389 3325 493 3387 Ll'PW·
839 3336 915 3386 batur
926 3352 1020 3400 nempe
1033 3337 1105 3386 Nero
1117 3338 1186 3385 circa
1197 3336 1298 3386 cadem
1309 3336 1372 3385 Sils-

298 3399 310 3434 ¹¹
329 3403 470 3464 Calpurnius
482 3402 598 3465 Fabatus]
615 3403 665 3452 Ille
676 3419 799 3468 prosocer
837 3410 873 3474 ni,
894 3413 923 3461 L.
944 3413 1058 3474 Veteris,
1076 3411 1194 3473 Antistii,
1214 3412 1325 3477 Sextiae,
1346 3417 1373 3463 et

266 3477 346 3528 Plinii
357 3479 478 3527 Secundi.
510 3479 616 3542 Lipsius.
838 3488 969 3537 Pollutiae.

300 3556 442 3617 Calpurnius
456 3556 567 3618 Feriatur,
590 3558 666 3619 Eques
685 3555 799 3618 Rornan]
869 3571 888 3596 ¹¹
905 3563 1054 3626 Sardiniam]
1070 3565 1101 3612 L.
1114 3577 1177 3627 rur.
1190 3577 1214 3612 c.
1227 3567 1269 3611 30.

266 3629 327 3680 Fuit
337 3632 377 3680 lric
387 3635 472 3693 patria
483 3633 691 3694 Novocomensis,
700 3634 730 3683 C.
743 3633 798 3682 Cae·
870 3645 883 3670 ¹¹
894 3638 1042 3698 Senaturjas
1048 3636 1226 3701 expectabatur]
1243 3637 1287 3686 Sic
1296 3637 1363 3687 vett

266 3707 320 3757 ciiii
342 3709 421 3757 Plinii
443 3725 579 3771 prosocer:
608 3712 665 3772 ejus
691 3711 797 3773 antiqua
837 3715 947 3776 Vulnus,
958 3714 1000 3762 cui
1013 3728 1064 3762 non
1075 3713 1191 3761 medeor.
1226 3713 1371 3761 Palmarins

265 3785 387 3833 memoria
413 3785 495 3832 adbuc
518 3785 591 3832 Cerni
613 3786 705 3834 visitur
726 3785 796 3835 Joril
835 3790 899 3851 legit
918 3790 968 3853 (ita
987 3788 1020 3836 ab
1038 3788 1145 3837 Hieron.
1161 3789 1316 3836 Berchemio
1333 3803 1379 3837 ae·

262 3859 412 3919 Benedicti,
424 3861 455 3908 V.
468 3860 507 3908 Cl.
518 3874 606 3922 opera,
617 3869 690 3909 eruto
708 3875 796 3908 nronu·
836 3866 903 3928 cepi,
914 3864 1066 3916 reterimco
1085 3865 1188 3927 amico),
1205 3865 1310 3913 Senatus
1320 3863 1372 3924 jus·

222 3943 225 3950 '
264 3943 351 3984 mento
371 3937 395 3982 in
413 3938 468 3984 lraec
486 3936 581 3984 verba:
602 3939 630 3984 C.
645 3935 794 3999 Calpurnius.
835 3954 874 3986 sus
891 3944 1020 4002 spectatur.
1063 3941 1215 3988 Franciseus
1236 3940 1371 3989 illedices:

265 4009 296 4058 L.
309 4011 339 4058 F.
358 4011 416 4067 Ouf.
436 4011 549 4059 Fabatus.
566 4011 646 4060 Vlcir.
660 4013 763 4060 IIHrr'r.
776 4011 794 4060 i.
836 4021 860 4063 et
869 4020 974 4063 senectus
985 4015 1033 4074 ejus
1044 4015 1219 4077 expectabatur.

265 4086 368 4148 apres.
382 4088 491 4146 rotonis,
507 4087 566 4135 VH.
579 4087 686 4134 Lasilaa.
705 4093 736 4135 et.
754 4103 795 4135 rra-
867 4089 905 4138 At
925 4090 958 4138 de
971 4090 1048 4137 exilio
1070 4091 1160 4151 Cassii,
1186 4092 1370 4139 convenienter

265 4159 325 4208 tier.
338 4163 451 4211 Gaetatr'c.
461 4165 544 4236 Arsen.
553 4175 612 4225 aare.
623 4169 686 4211 suut.
698 4165 731 4212 in.
744 4165 795 4211 Nu·
836 4180 895 4219 cum
906 4166 995 4214 Tacito
1008 4165 1178 4229 Pomponius,
1190 4166 1223 4214 de
1238 4167 1314 4230 Orig.
1327 4167 1369 4231 ju·

265 4235 348 4300 aridia.
357 4237 433 4288 Flam.
444 4239 480 4288 D.
490 4238 757 4302 Aeaeapatrimoriie.
766 4239 795 4288 Τ.
835 4242 888 4292 ris:
903 4243 912 4270 ⁸
925 4241 1002 4291 Cuius
1021 4242 1126 4292 Cassius
1143 4241 1275 4306 Longinus
1289 4241 1367 4307 pluri·
