2984 4850
149 336 152 342 '
234 350 323 422 2056
585 368 617 419 o.
642 364 823 419 counnnn
846 365 972 421 racrrt
1171 378 1333 445 [ansts.

233 514 380 597 irrogata
392 514 568 597 supplicia,
585 515 746 580 adversus
765 518 908 583 illustres
928 519 1173 583 dissimulatum
1188 519 1232 584 ad
1247 540 1333 603 prae-

233 638 308 685 sens
322 624 355 681 et
378 636 459 679 mox
480 615 657 680 redditum⁶
679 618 824 682 odium.¹n
868 619 1093 703 Ferebuntque
1121 621 1332 705 ‘Vespasia-

232 738 323 795 num,
338 728 493 799 tanquam
509 736 624 781 somno
646 721 846 798 conniveret,
861 740 882 784 a
897 722 1042 786 Phoebo¹¹
1056 722 1175 786 liberto
1189 721 1333 804 increpi-

231 827 329 898 tum,⁰
357 840 505 901 aegroque
527 821 699 884 meliorum
721 823 878 904 precibus
901 824 1088 887 obtectum:
1118 843 1201 888 mox
1222 822 1334 887 immi-
1365 873 1374 879 .

232 929 377 987 senemr
390 922 563 1005 perniciem
579 922 705 1005 majore
718 922 803 987 fatos
816 924 989 1006 effugisse?

231 1092 256 1136 et
265 1084 443 1149 ignobilioribus
452 1088 534 1135 sinim
549 1085 647 1149 inflictis
658 1102 742 1149 poessoe,
753 1091 777 1135 et
790 1088 901 1135 ndum
918 1088 1022 1148 ἰιιιίςιιιι
1035 1088 1124 1136 secuda
1134 1102 1164 1135 uc
1173 1086 1294 1136 recondis
1303 1087 1331 1136 iss

228 1148 449 1215 proesmoffmsio,
467 1150 521 1198 dein
540 1153 622 1198 relata
639 1166 669 1198 ac
685 1150 780 1199 reddita
796 1157 845 1199 est.
878 1152 1041 1213 metamque
1051 1152 1249 1214 Vespasianum,
1259 1151 1331 1214 qnasi

232 1214 392 1276 dormitaret,
409 1215 553 1263 incusatum
566 1228 581 1262 a
592 1213 690 1263 Pboebo
707 1214 810 1276 liberto,
826 1221 854 1263 et
871 1230 941 1275 aegre
958 1216 1092 1263 meliorum
1107 1215 1230 1278 precibus
1242 1214 1332 1265 deten-

232 1292 304 1329 tum:
321 1278 379 1329 dein
390 1278 555 1343 ingruentem
565 1279 705 1341 perniciem
716 1280 863 1341 potentiore
874 1278 930 1328 fato
946 1280 1023 1343 ipsam
1033 1280 1171 1329 devitasse.

693 1404 870 1425 mmanu-

539 1497 556 1541 6
572 1490 718 1543 Groslotius
729 1492 928 1558 melletensis
938 1494 1027 1543 odiam.
1082 1484 1086 1490 ’

729 1603 838 1654 NOTAE

262 1708 282 1737 ⁸¹
298 1698 428 1751 mutum
442 1697 533 1760 odium]
558 1697 631 1750 Suet.
642 1698 707 1749 Ner.
719 1702 762 1749 25.
803 1696 902 1748 iactum
908 1700 1005 1763 prodit,
1012 1698 1180 1751 atSnetonins
1187 1699 1336 1752 indebaia:

231 1777 397 1841 ‘Multisque
415 1776 458 1824 vel
476 1774 614 1823 amicitiam
630 1788 701 1823 suam
718 1775 763 1823 cb-
803 1774 849 1824 sed
860 1775 951 1825 eadem
966 1790 1008 1826 res
1026 1784 1068 1826 est
1086 1776 1234 1840 utrobique,
1244 1783 1273 1826 et
1293 1791 1336 1826 ea-

232 1852 333 1915 tnlerit,
363 1853 404 1901 vel
436 1852 595 1901 simultatem
628 1848 763 1915 indixerit,
802 1850 1211 1917 demoffensio,qnaeunicafnit;
1228 1851 1334 1901 etidenr

231 1936 311 1995 prout
332 1927 439 1993 quisque
466 1940 495 1975 se
522 1924 605 1988 magis
626 1925 762 1987 parciusue
785 1930 915 2000 'Pboebus
925 1938 975 1993 est,
992 1931 1036 1995 qui
1053 1930 1185 1980 invehitur
1198 1929 1338 1993 inVespa-

229 2004 362 2073 laudasset
373 2002 390 2064 ;’
407 2008 552 2061 canentem,
562 2014 665 2063 nempe.
800 2000 911 2067 sianum,
929 2006 1002 2069 cujus
1024 2006 1140 2055 andacia
1157 2006 1286 2067 meminit,
1304 2011 1334 2054 et

264 2086 276 2113 ¹¹
297 2078 489 2143 Vespasianum
500 2076 599 2137 Plebs]
613 2076 671 2125 Hoc
682 2076 763 2140 igitur
801 2087 889 2132 tamen
905 2096 999 2132 nomen
1013 2083 1073 2132 silet
1090 2083 1196 2134 Sueten.
1219 2084 1333 2147 Vespas.

229 2155 375 2221 pericnlum
391 2155 481 2203 Romas
501 2152 576 2213 adiit,
587 2158 617 2201 ut
627 2153 669 2203 hic
684 2154 762 2204 Taci-
802 2159 841 2207 14.
896 2164 919 2201 ·.

230 2240 289 2292 tus3
315 2230 361 2280 red
375 2229 457 2279 simile
473 2228 500 2277 in
517 2227 625 2278 Achaia.
657 2229 761 2295 Deque
833 2231 999 2295 ‘Trepidam
1022 2247 1090 2296 eum,
1113 2232 1254 2283 interdicta
1275 2236 1334 2284 ania

229 2306 369 2357 Suetonius
378 2304 532 2367 Vespasiani
540 2319 600 2367 cap.
610 2308 635 2353 d.
662 2304 761 2355 ‘Pere-
799 2305 848 2357 sub
858 2309 1332 2374 Nerone,quaerentemqne,quidnam

230 2381 376 2446 priuatione
387 2377 501 2429 Achaica
510 2379 579 2429 inter
588 2379 695 2430 comites
707 2381 760 2432 Ne·
800 2393 902 2451 ageret,
912 2394 959 2436 aut
970 2397 1021 2452 quo
1032 2385 1126 2448 abiret,
1137 2386 1242 2452 quidam
1252 2402 1284 2436 ex
1296 2385 1335 2436 os·
1421 2378 1425 2383 ’
1486 2347 1487 2376 ³

229 2460 310 2521 tonis,
329 2473 397 2520 cuns,
416 2459 538 2506 cantante
557 2470 600 2519 eo,
615 2462 661 2505 aut
680 2456 761 2507 disce·
800 2462 860 2512 ficio
876 2462 1046 2524 admissionis,
1056 2461 1162 2528 (nempe
1174 2463 1287 2512 Pboebus
1300 2463 1333 2511 is-

230 2535 315 2596 deret,
337 2540 383 2585 aut
410 2547 521 2596 praesens
550 2533 762 2597 obdormisceret,
800 2537 841 2600 te)
852 2538 992 2601 expellens,
1003 2537 1073 2586 abire
1082 2537 1245 2600 Morbouiam
1251 2538 1335 2601 jusse-

229 2611 403 2673 gravissimam
412 2607 542 2658 contraxit
549 2607 685 2670 offensam3
701 2624 761 2673 pro·
799 2611 858 2676 rat,’
869 2616 918 2662 &a

227 2684 374 2747 bibitusque
383 2681 704 2747 noncontnberniomodo,
713 2685 761 2735 sed
831 2689 924 2737 ruse
933 2687 1104 2750 imminentem]
1129 2687 1219 2737 Primo
1233 2688 1332 2752 Vespa·

229 2758 309 2808 etiam
318 2755 423 2818 publica
434 2755 599 2805 salutatione.
799 2763 883 2811 sinnas
893 2762 1039 2825 increpitus
1049 2777 1065 2810 a
1079 2763 1188 2827 Pboebo,
1199 2764 1244 2814 vix
1253 2767 1331 2814 melic-

261 2831 357 2897 Itaque
368 2830 461 2894 sapius
471 2830 497 2879 in
516 2830 567 2880 ists
585 2846 613 2881 re
632 2833 759 2885 subinsti·
799 2853 853 2887 rurs
867 2839 976 2900 precibus
992 2837 1101 2899 defessas
1115 2845 1159 2902 est,
1172 2839 1234 2888 dein
1245 2846 1330 2889 tannen

172 2961 173 2964 ,
229 2920 285 2971 cus,
306 2912 334 2956 et
355 2919 416 2954 vere
437 2902 547 2955 Sabinus
571 2907 609 2956 sir
630 2910 759 2970 peccavit.
799 2914 970 2963 contubernio
986 2914 1120 2978 principis,
1130 2921 1160 2964 et
1175 2915 1331 2964 mutatione

228 2985 306 3038 Quod
318 2989 421 3048 spectat
434 2983 468 3032 ad
484 2983 621 3046 Phoebum,
630 2985 652 3034 is
664 2985 761 3036 liber-tus
800 2987 905 3052 publica
915 2989 1060 3051 prohibitus
1070 2995 1127 3050 est;
1144 2995 1241 3039 etcum
1253 2989 1280 3038 in
1291 3003 1332 3038 se·

227 3064 393 3115 missimus
409 3062 509 3128 tuit,ex
524 3063 597 3113 Suet.
614 3064 722 3129 Vesper.
735 3079 759 3117 c.
798 3065 1025 3129 cessnperniciem
1044 3079 1089 3114 sen
1107 3070 1218 3114 mortem
1235 3080 1330 3128 espec·

228 3143 269 3192 14.
286 3140 330 3190 De
339 3154 372 3189 eo
380 3139 457 3201 lapis.
797 3145 875 3200 taret,
893 3146 948 3190 tum
961 3141 1059 3204 msJore
1074 3140 1129 3191 fato
1140 3142 1239 3190 electos
1250 3155 1266 3188 a
1276 3141 1331 3190 Ne·

311 3267 314 3274 ,
348 3227 387 3263 τι.
399 3224 529 3264 cntvnso.
539 3225 604 3266 svo.
616 3227 640 3265 ι.
797 3229 862 3263 rone
873 3220 923 3277 est,
933 3220 963 3263 nt
975 3214 1072 3264 bellam
1087 3219 1190 3277 gereret
1207 3214 1330 3264 adversus

438 3300 548 3342 sumno.
796 3287 921 3340 iudeus:
947 3289 1008 3339 hinc
1025 3303 1174 3354 supremum
1192 3289 1281 3352 decus,
1302 3296 1331 3340 et

270 3375 399 3417 cnsvnrs.
410 3379 494 3416 rsus.
505 3379 616 3416 nucnrs.
649 3367 756 3432 Lipsius.
796 3364 926 3428 fastigium
942 3365 1055 3428 imperii,
1071 3366 1098 3413 in
1118 3364 1196 3430 quod,
1209 3363 1266 3414 sato
1284 3379 1331 3430 po·

258 3442 309 3492 ‘A
330 3441 419 3490 Pboebo
438 3441 523 3491 liberto
542 3442 695 3506 increpitam]
718 3447 759 3494 Ea
798 3441 920 3504 lentiore,
931 3447 1047 3490 serratus
1058 3440 1155 3491 fuerat.

225 3513 332 3570 offensio
347 3532 399 3566 uon
415 3517 453 3566 bis
465 3518 576 3582 contigit
586 3518 758 3584 Vespasiano,
829 3525 843 3560 ‘1
859 3518 953 3579 Majore
966 3516 1035 3578 fcto]
1072 3517 1152 3566 Certe
1173 3517 1329 3581 conspicuus

226 3602 258 3646 ut
278 3595 334 3644 vult
357 3594 468 3656 Lipsius.
502 3593 656 3645 sufficiebat
677 3597 756 3646 semel
797 3593 981 3656 Vespasianus,
998 3599 1091 3656 utpote
1106 3595 1237 3642 emissis
1247 3595 1331 3644 ettri-

227 3671 324 3722 laesisse
336 3671 413 3719 talem
425 3669 594 3732 majestatem.
795 3669 912 3731 omphalis
928 3683 1009 3731 unes,
1027 3675 1057 3717 et
1075 3683 1169 3732 magno
1190 3669 1246 3718 fato
1265 3684 1329 3734 opas

222 3745 225 3752 ⁴
258 3747 374 3798 Eandem
386 3761 441 3794 rem
456 3752 564 3795 narrant
574 3745 711 3797 Suetonius
729 3757 758 3798 et
796 3744 856 3807 suit,
866 3759 900 3792 ne
911 3759 1004 3807 magna
1013 3742 1083 3793 fama
1091 3745 1129 3792 ilii
1139 3744 1222 3794 exitio
1233 3751 1312 3794 esset.

225 3825 343 3883 Tacitus,
362 3838 406 3872 seu
429 3821 544 3884 ejusdem
567 3823 605 3872 rei
625 3821 758 3888 historiam,
828 3817 955 3869 Attamen
969 3820 1055 3869 claras
1065 3821 1146 3882 magis
1158 3821 1256 3870 virtute
1265 3820 1328 3870 Ves-

226 3900 310 3964 quoad
323 3897 491 3947 substantiam
504 3897 625 3958 tradunt;
653 3913 756 3962 nempe,
796 3895 927 3958 pasianus,
947 3909 1023 3958 quam
1044 3896 1126 3960 stirpe
1147 3896 1264 3958 insignis,
1283 3902 1328 3945 ant

225 3973 365 4024 offendisse
384 3972 578 4035 Vespasianum,
598 3977 658 4036 qood
678 3991 756 4024 summ
796 3977 901 4019 vetusta
911 3971 1047 4020 nobilitate
1057 3987 1064 4030 ς
1075 3986 1123 4019 nec
1134 3972 1179 4020 ille
1188 3970 1281 4034 opibus
1293 3972 1330 4019 in·

219 4051 357 4101 'manicaret
369 4049 437 4114 apud
451 4051 599 4110 theatrum
625 4059 652 4116 pt
669 4052 696 4099 in
707 4052 756 4101 cir·
795 4047 919 4097 vidiosis:
937 4047 1006 4111 quod
1022 4047 1327 4111 illisslntifnit,fatnnr·

226 4128 385 4176 constantiis
396 4125 519 4190 temporis
535 4127 638 4190 locique
657 4126 756 4178 disere·
795 4137 845 4189 quc
851 4123 930 4187 jusit.

225 4207 290 4262 pant
300 4201 338 4251 illi
349 4206 477 4253 suctores.
509 4200 614 4254 'l‘scitus
625 4201 653 4254 id
664 4187 754 4256 lionae
828 4199 998 4265 munitus]
1023 4201 1095 4253 Suet.
1115 4202 1196 4266 vesp.
1210 4205 1236 4251 4.
1260 4200 1327 4250 ‘Se-
