2984 4850
154 394 336 477 nami-²
498 397 806 456 anaantunsr's.
829 397 904 456 xus
1169 387 1256 464 1837

155 547 314 628 suffragia
326 545 566 628 conquirimus:
590 567 665 630 quae
682 547 712 611 si
721 551 903 624 arceantur,
919 545 1133 631 aeqnabilius⁶
1155 552 1254 632 atque

155 648 361 713 constantius
384 647 565 728 provinciae
589 651 756 728 regentur:
778 652 913 711 namut
941 657 1031 710 metu
1055 647 1255 730 repetunda·

154 745 241 828 romb
259 747 401 812 infracta
415 748 554 812 avaritia
568 754 630 826 est,
643 749 702 825 ita,
717 749 820 824 velita
833 749 1013 830 'gratiarum
1027 749 1169 828 actione,
1185 751 1255 830 tam-2

154 849 240 918 bitio
255 846 517 913 cohibebitar.'⁰⁷
1248 911 1252 920 ,

156 984 161 992 v
197 950 253 1014 22.
276 947 403 1029 Magno
416 966 556 1011 assensu
571 949 738 1012 celebrata
752 951 925 1028 sententia,
940 969 1006 1014 non
1025 955 1136 1014 tamen
1151 951 1254 1038 Sena-

157 1055 214 1114 tus
227 1049 416 1114 consultum
441 1049 568 1131 perfici¹
591 1052 712 1134 potuit,
736 1053 969 1114 abnuentibus²
997 1051 1199 1116 Consulibus
1213 1071 1256 1118 ea

155 1149 197 1216 de
208 1147 416 1217 rerelammt
432 1147 529 1226 Mox,
546 1156 677 1215 auctore
687 1150 857 1233 Principe,
868 1171 1018 1228 sanxere,
1035 1155 1100 1214 ‘no
1111 1153 1198 1234 quis·
1213 1153 1256 1216 ad

75 1351 80 1354 .
155 1309 241 1375 fragia
252 1311 446 1374 provincialium
457 1326 616 1375 aucupamur
624 1328 640 1360 :-
649 1327 707 1376 quae
718 1314 739 1360 si
749 1313 941 1375 prohibeantur,
953 1314 1050 1378 aequius
1069 1319 1097 1362 et
1106 1312 1200 1364 fortius
1212 1314 1255 1364 ad·

154 1376 370 1441 ministrabuntur
381 1377 535 1438 provinciae:
552 1378 650 1440 quippe
662 1377 729 1425 sicut
741 1391 860 1439 repressa
869 1378 977 1426 avaritia
987 1385 1027 1426 est
1038 1377 1139 1440 timore,
1147 1393 1188 1428 seu
1198 1381 1256 1443 lege,

154 1439 366 1502 repetundamm,
376 1441 413 1488 ita
423 1440 605 1504 comprimetur
616 1441 731 1503 ambitio,
742 1442 763 1490 si
775 1442 932 1504 prohibitura
941 1441 1029 1504 fiuent,
1039 1456 1072 1490 ne
1079 1443 1257 1504 proconsulibus

157 1511 246 1565 grates
262 1508 395 1566 agantur?

188 1568 280 1628 Magno
298 1577 400 1630 patrum
414 1582 525 1616 maressa
544 1569 640 1616 mult·
659 1567 717 1617 haee
733 1570 851 1618 sententio
867 1569 994 1628 ilrmseae,
1012 1575 1173 1634 arquatorum
1190 1584 1256 1620 araa-

152 1633 320 1685 tuaaonultuar
325 1631 440 1694 perucmbi
448 1633 536 1694 pauit,
542 1632 684 1692 negantibus
695 1633 897 1682 mmlibuseotle
905 1635 1047 1684 resolutum.
1075 1635 1151 1696 Dein,
1159 1639 1254 1685 austae

154 1839 239 1896 tiones
251 1845 354 1891 veteres
362 1846 389 1889 el
398 1840 567 1889 recentiores.
580 1874 585 1880 ·
600 1840 632 1896 In
641 1840 732 1891 mediis
740 1841 901 1904 quibusdam,
910 1847 1021 1892 carneo
1032 1843 1075 1892 Sic
1086 1843 1152 1892 bene
1163 1843 1256 1894 Eruet·

154 1911 198 1966 tus
219 1918 252 1952 ex
269 1904 384 1953 editione
395 1905 521 1966 principe.
553 1904 655 1952 Vitiosa
676 1903 703 1951 in
721 1906 774 1954 Ms.
793 1908 858 1970 Reg.
877 1907 1011 1968 oeqrtalibus.
1047 1907 1077 1954 ln
1097 1907 1161 1956 Mas.
1180 1906 1255 1957 Harl.

154 1967 230 2016 Bodl.
241 1969 297 2018 Jes.
308 1975 335 2015 et
350 1969 514 2027 Puteolanus,
529 1969 652 2029 oequotius.
686 1969 848 2018 Brotier.-7
860 1970 994 2019 Brotierus
1002 1969 1093 2019 laudat
1103 1970 1185 2033 lipsii
1193 1972 1255 2020 robi-

155 2030 248 2080 bebitur
255 2046 264 2088 ,·
281 2039 309 2078 at
319 2031 440 2080 cohibetur
449 2032 554 2092 retinet,
564 2030 616 2078 fide
629 2032 693 2080 Mss.
704 2040 732 2080 et
743 2033 803 2082 edd.

139 2145 142 2148 ,
187 2100 201 2142 1
219 2096 254 2143 D.
266 2095 396 2156 Heinsius,
413 2102 481 2143 teste
492 2096 649 2156 Boxlrornio,
666 2097 769 2158 putavit
785 2096 956 2157 scribendum,
974 2097 1059 2163 papiri
1069 2097 1157 2160 poluit.
1191 2099 1257 2162 Ego,

154 2159 209 2207 sola
218 2158 383 2207 distinctione
393 2173 495 2207 sensum
505 2158 625 2207 idoneam
637 2159 678 2212 hic
688 2175 764 2221 posse
775 2161 831 2208 dari
842 2174 945 2220 censeo,
958 2163 978 2210 si
988 2162 1090 2224 legatur
1100 2162 1150 2210 isto
1160 2162 1238 2210 modo
1248 2165 1255 2212 i

155 2224 208 2270 Nee
218 2228 296 2272 tamea
306 2227 401 2270 amatus
410 2237 472 2272 cons.
491 2223 573 2286 perfici
588 2223 841 2285 pstulanbaueatibus
858 2226 996 2275 comtibus.
1030 2227 1068 2274 Eo
1079 2225 1143 2274 tiore
1153 2227 1255 2274 relatum

154 2301 209 2342 mox
218 2291 313 2336 auctore
322 2287 446 2348 pristim
460 2301 560 2335 mere
569 2302 599 2334 ne
609 2289 671 2348 quis,
681 2289 722 2348 ξε.
755 2289 851 2338 Sensus
863 2297 904 2338 est
912 2296 1027 2352 apertus,
1037 2303 1092 2338 rem
1104 2289 1210 2338 dilatam
1221 2290 1255 2338 ob

155 2351 288 2398 consulum
300 2350 549 2412 tergiversationem.
566 2351 640 2398 Idem
650 2359 735 2399 tamen
748 2354 824 2414 paulo
837 2360 896 2415 post
905 2353 990 2401 denuo
1002 2353 1174 2414 propositum,
1186 2352 1255 2415 prin·

140 2411 220 2477 ·eipis
229 2415 370 2465 voluntate.
402 2415 559 2463 Erotion—2
569 2415 639 2464 Male
647 2421 733 2465 tentat
743 2417 876 2479 Heinsius,
887 2432 928 2467 aee
947 2415 1107 2465 abnuentibus.
1139 2414 1255 2465 Idem.-

653 2533 760 2587 uonrs
790 2516 794 2523 '

153 2630 214 2693 qnia
233 2635 289 2678 tum
306 2629 432 2693 majorem
450 2630 623 2679 constantiam
641 2645 686 2679 ex·
725 2633 752 2681 in
774 2632 866 2682 urbem
883 2631 1016 2693 mittendi,
1043 2618 1086 2696 qui
1100 2632 1255 2681 alterutrum·

152 2705 243 2753 bibent
270 2703 392 2753 adversus
418 2704 537 2768 gratiam,
564 2713 592 2754 et
616 2704 684 2753 aliud
725 2714 841 2769 agerent,
853 2715 930 2772 prout
945 2707 1081 2773 decretum
1101 2706 1169 2770 apud
1184 2707 1255 2771 ipsos

153 2794 235 2843 genus
262 2792 338 2828 omne
360 2780 550 2843 oonuptionis3
577 2786 605 2829 at
626 2779 684 2829 finis
725 2784 808 2833 socios
820 2790 884 2834 erat.

137 2885 140 2890 -
151 2855 351 2917 magistratuum
362 2855 470 2903 inclinat
480 2855 506 2902 in
517 2855 604 2918 pejus3
621 2855 682 2919 quia
757 2866 769 2892 ⁰
784 2859 890 2909 Ambitio
905 2858 1059 2921 colibeln’tur]
1085 2858 1128 2909 Sic
1138 2859 1257 2922 legerim,

152 2938 208 2978 tum
228 2936 375 2992 propraetor
391 2936 436 2979 aut
455 2932 594 2993 proconsul
610 2932 682 2979 exire
721 2933 782 2999 (pro
795 2932 1037 2996 vulgaricoliibetar.)
1068 2932 1179 2995 Lipsius.

153 3004 289 3068 provincia
298 3013 414 3069 paratus,
433 3006 581 3056 demeretur
601 3006 684 3057 socios
756 3008 768 3042 ‘¹
782 3008 945 3058 abacorum
956 3006 1097 3056 causalibus
1107 3020 1134 3054 eo
1145 3009 1174 3055 de
1184 3021 1210 3054 re
1219 3016 1257 3055 rae'·

150 3087 179 3130 et
188 3079 363 3131 abblanditur.
724 3083 810 3145 latum]
827 3082 918 3145 Atqui,
933 3082 1027 3130 ‘licere
1048 3079 1174 3143 patribus,
1194 3095 1256 3143 qno-

184 3158 221 3206 Et
232 3164 287 3205 turn
298 3158 363 3219 fere,
380 3163 411 3206 at
431 3157 595 3220 candidatus,
607 3172 684 3207 aucu-
724 3160 774 3207 ties
788 3159 833 3221 jus
851 3156 970 3205 dicendae
982 3157 1120 3205 sententiae
1140 3154 1257 3218 accepis-

152 3240 232 3297 patnr
242 3232 358 3281 favorem
368 3240 397 3281 et
406 3230 528 3296 suffragia
540 3234 684 3296 provincia·
724 3241 793 3297 sent,
804 3248 862 3297 quae
873 3232 970 3281 vellent
979 3245 1141 3295 expromere,
1152 3232 1256 3301 relatio·

151 3310 225 3371 liam,
242 3316 272 3357 nt
282 3310 331 3372 ipsi
351 3323 445 3372 nempe
461 3310 567 3358 exeunti
578 3319 625 3357 seu
639 3310 684 3358 de·
723 3324 834 3374 nemque
854 3310 879 3357 in
893 3325 924 3357 ea
946 3307 1095 3371 postolare,'
1112 3322 1191 3372 supra
1209 3308 1256 3360 tib,

151 3383 255 3444 functo,
267 3390 353 3446 grates
368 3382 516 3432 referantur
526 3384 595 3445 apud
611 3398 684 3432 sena·
724 3399 787 3433 xrrr.
805 3384 911 3454 scripsit
920 3383 1034 3433 Tacitus.
1049 3383 1180 3447 Similique
1199 3397 1258 3432 sen·

152 3467 218 3520 tam,
226 3456 378 3530 laudesque,
387 3464 418 3507 nt
425 3458 492 3507 bene
499 3466 573 3521 gesta
580 3460 683 3522 Repub.
720 3464 805 3513 tentia
815 3464 833 3512 l.
850 3476 882 3512 ιι.
898 3464 971 3525 lego,
981 3464 1016 3511 ‘a
1034 3461 1175 3523 majoribus
1188 3476 1256 3510 ¹con·

153 3534 310 3602 tributiqtur.
343 3534 426 3598 quue
445 3548 491 3597 per
518 3535 685 3583 ambitionem
724 3536 1256 3605 cessum,'egredialiqnandorelationem3

153 3618 182 3660 et
189 3624 239 3673 per
255 3609 334 3676 malas
344 3616 424 3658 artes.
457 3611 493 3659 Et
504 3608 635 3659 offendere
645 3626 685 3660 so·
725 3623 755 3664 et
765 3616 832 3677 quod
845 3616 870 3661 in
890 3626 1024 3661 commune
1044 3610 1185 3676 conducat,
1195 3614 1255 3662 loco

153 3686 208 3734 cios
228 3684 309 3742 satiba
330 3684 389 3745 fait,
409 3699 486 3748 qnam
507 3684 685 3747 magistratum
725 3688 863 3737 sententiaa
877 3686 1012 3751 promere!
1250 3688 1254 3703 '

152 3759 221 3811 infra
231 3762 312 3809 talem
322 3761 430 3823 gratiam
440 3760 588 3810 demittere.
726 3788 730 3793 ’
760 3764 886 3813 Licuisset
913 3776 974 3825 ergo
993 3760 1139 3811 consulibus
1158 3760 1256 3811 referre

185 3834 199 3868 ὓ
217 3838 253 3885 tn
272 3840 342 3884 mm·
365 3836 559 3899 sepetuntlarum]
592 3837 685 3901 Neque
726 3838 798 3887 eade
810 3837 882 3887 read
900 3843 1001 3900 patres;
1018 3837 1064 3886 sed
1083 3838 1114 3886 iis
1132 3837 1207 3885 aliter
1219 3838 1256 3884 vi·¹

153 3910 252 3960 frustra
276 3912 333 3959 hmo
353 3918 496 3974 comparat,
523 3914 583 3976 quia
605 3927 686 3975 penes
725 3931 798 3965 snm:
812 3916 857 3977 jus
874 3915 1006 3964 relationis
1022 3921 1108 3964 autern
1125 3912 1185 3962 solis
1196 3926 1256 3961 con·

153 3986 234 4035 socios
245 3986 304 4047 fuit,
315 4000 375 4034 cnm
386 3986 519 4048 provincia
534 3989 618 4036 exiret
628 4002 686 4050 pro·
724 3990 839 4050 nulibus,
864 4004 913 4039 nee
937 3990 992 4039 sine
1019 3990 1145 4038 relatione
1164 3984 1256 4049 perfici
1290 4008 1293 4015 ·

154 4062 253 4123 ooasol,
264 4062 305 4110 vel
325 4062 515 4109 accusationem
532 4064 574 4111 vel
594 4064 686 4127 gratia·
725 4064 812 4128 potnit
823 4065 902 4113 ulium
912 4064 1018 4113 SCtum.

153 4148 210 4183 ram
222 4136 353 4185 actionem
363 4135 414 4197 ipsi
430 4134 586 4185 decernendi
601 4138 628 4187 in
639 4152 685 4188 suo
758 4141 822 4190 Ideo
840 4140 999 4203 Vespasiano
1018 4150 1177 4197 concessum,
1198 4130 1256 4186 urrss

153 4210 498 4277 montemsarculum
513 4213 691 4277 -moxtegatos
726 4228 911 4269 mansurus.
928 4226 1051 4265 mana.
1067 4222 1256 4263 summosam.
1337 4256 1342 4261 .
