2984 4850
243 406 331 490 1778
589 419 625 468 n.
648 373 833 469 condunt]
856 417 987 467 racis!
1185 423 1230 487 [n
1239 424 1344 476 uara.

245 557 330 643 nati,
343 567 424 630 urbe
449 564 484 630 in
503 564 589 648 ipsa,
610 565 700 628 velut
724 563 931 648 peregrinum
944 564 1047 627 otium
1060 563 1231 646 permisit:
1264 578 1346 646 qno-

245 685 319 732 rum
341 667 423 730 alter
446 665 605 728 bellorum
620 665 744 741 socius,
759 663 840 728 alter
855 663 979 728 Romae
999 664 1152 746 pluribus
1174 665 1349 729 laboribus

241 769 406 854 jactatum,
420 767 533 849 ampla
548 765 693 848 quidem,
711 765 769 828 sed
784 785 846 848 pro
859 765 1046 845 ingentibus
1058 766 1194 842 mentio,
1209 767 1348 847 praemia

247 872 455 950 acceperant.
500 865 573 949 Ego
597 866 678 950 quid
699 866 789 930 aliud
813 866 1061 930 munificentiae?
1080 871 1162 929 tuae²
1175 865 1349 930 adbibere*t

247 971 355 1054 potui,
371 987 470 1052 quam
484 968 605 1048 studia,
620 973 657 1032 ut
672 971 721 1034 sio
736 967 937 1043 <liternum
948 969 1077 1032 umbra'
1093 967 1278 1034 educatal³
1301 972 1349 1030 et4

248 1167 324 1226 qnam
336 1156 469 1219 quietem:
495 1169 604 1219 quornm
624 1156 690 1204 alter
710 1155 858 1218 praeliorum
870 1155 1010 1219 particeps,
1022 1156 1089 1204 alter
1110 1155 1138 1203 in
1155 1153 1220 1202 urbe
1235 1153 1353 1216 plurimis

248 1221 317 1280 curis
335 1221 458 1282 agitatos,
468 1226 626 1282 acceperant
638 1234 731 1282 magna
742 1220 846 1284 quidem
858 1234 976 1277 munera,
994 1219 1040 1266 sed
1059 1233 1105 1281 pro
1125 1217 1290 1280 amplissimis
1300 1215 1354 1264 olli-

248 1284 304 1332 ciis.
338 1284 394 1346 Ego
405 1283 467 1346 quid
484 1283 553 1332 alind
565 1282 627 1331 dare
639 1292 684 1331 aut
698 1281 792 1330 afferre
809 1284 883 1346 potui
902 1296 1008 1331 summai¹
1026 1283 1179 1332 liberalitati
1199 1289 1263 1342 tuas,
1274 1295 1354 1345 qnam

247 1347 393 1412 litescunt
414 1347 451 1396 ita
468 1347 562 1408 dicam,
581 1348 608 1396 in
624 1347 714 1396 umbra
727 1347 873 1396 enutritas?
896 1348 937 1398 Ex
956 1347 1047 1411 quibus
1059 1347 1139 1396 decas
1150 1352 1263 1409 emanat,
1282 1343 1353 1410 qnod

248 1559 390 1604 marna-2
406 1554 449 1603 lta
463 1555 587 1602 Ernestns
599 1569 614 1602 e
627 1555 678 1602 Ma.
688 1552 753 1617 Agr.
786 1553 829 1601 Sic
840 1567 940 1616 quoqm
952 1553 1016 1603 Mas.
1027 1551 1103 1602 Harl.
1116 1551 1193 1600 Bodl.
1205 1550 1261 1602 Jes.
1297 1551 1357 1600 dira

251 1619 326 1667 abest
338 1633 353 1666 a
364 1616 494 1669 veteribus
505 1617 676 1676 editionibus,
687 1625 715 1666 et
733 1632 749 1664 a
768 1616 901 1665 Gronovio
920 1625 949 1665 et
965 1617 1125 1680 liuticio—ti
1142 1614 1250 1664 Amicus
1262 1613 1358 1676 Ryckii

249 1683 339 1732 mallet
349 1682 500 1730 educati-t
518 1681 559 1730 Sic
570 1681 637 1730 bene
650 1681 798 1730 Gronovius
810 1695 825 1728 e
837 1682 890 1728 Ms.
902 1682 973 1730 Flor.
1007 1681 1040 1730 ln
1059 1681 1112 1728 lds.
1129 1681 1196 1742 lieg.
1215 1685 1244 1728 et
1261 1679 1358 1726 editio-

250 1745 326 1795 nibus
345 1745 486 1808 veteribus,
504 1759 517 1793 e
536 1745 628 1809 quibus.
662 1747 693 1794 ln
712 1747 776 1794 Mas.
795 1745 871 1794 Harl.
888 1744 1032 1796 Bodldas.
1050 1760 1066 1794 o
1084 1743 1175 1808 quibus.
1207 1742 1358 1792 Bretian—

747 1891 855 1940 NOTAE

249 1984 322 2035 fecta
340 1984 400 2034 est!
441 1985 492 2034 Sed
516 1987 562 2034 lias
587 1986 709 2036 minutias
731 2002 783 2036 non
821 1987 869 2037 bna
879 1987 972 2037 stadiis
981 1987 1082 2037 Seneca
1097 1989 1174 2049 pater
1191 1979 1359 2031 Camunni.

249 2061 342 2109 stricte
357 2059 494 2123 exequitur
505 2061 621 2124 Tacitus,
637 2063 782 2124 praesertim
821 2075 862 2115 rx.
875 2061 983 2112 Praefat.
1000 2062 1086 2110 ‘Cum
1097 2065 1203 2108 ventum
1214 2062 1256 2104 cst
1271 2055 1299 2104 in
1318 2054 1359 2104 fo-

249 2133 278 2184 in
295 2133 453 2183 orationibus
463 2149 470 2182 r
495 2149 575 2197 quare
587 2140 691 2185 maneat
702 2137 783 2199 scrip·
821 2152 886 2198 rum,
896 2143 924 2186 et
936 2136 1011 2186 desiit
1021 2135 1079 2184 illos
1090 2134 1123 2183 ad
1134 2146 1236 2181 omnem
1252 2135 1357 2194 gestum

249 2207 321 2270 sisse,
331 2211 423 2256 atauus.
457 2209 499 2258 Sic
510 2215 537 2258 et
554 2207 621 2259 infra
632 2216 672 2261 55.
688 2210 780 2262 ‘Avus
820 2214 927 2274 plausus
946 2212 1077 2274 excipere,
1092 2215 1138 2258 aut
1155 2205 1290 2266 deficiunt,
1308 2209 1359 2254 ant

249 2297 322 2333 meus
346 2282 496 2345 Augrrstus,’
523 2284 567 2348 qni
594 2291 665 2334 certe
691 2286 781 2351 quinto
809 2287 919 2340 labant.
951 2284 1046 2348 AdJ'ice
1064 2297 1143 2344 nnnc,
1158 2281 1227 2345 qood
1245 2279 1279 2328 ab
1297 2281 1358 2344 aliis

249 2357 341 2422 gradu,
352 2364 380 2407 et
389 2357 476 2406 nidmu
485 2358 538 2408 dici
548 2358 646 2411 debuit.
821 2363 915 2411 nullius
924 2363 1073 2411 interventu
1083 2358 1224 2417 essentitas,
1234 2370 1312 2406 nemo
1323 2371 1360 2406 cx

283 2442 295 2469 ⁰
326 2434 444 2498 Agrippa
471 2436 628 2499 Mityleueme
654 2436 782 2503 sommum]
822 2435 1125 2501 industriaobloquitnr3
1140 2432 1280 2481 familiares
1294 2438 1361 2480 aunt

249 2510 616 2563 nicatoremnarrattmur.
630 2511 782 2577 ‘Augustus
822 2512 934 2561 omnium
953 2513 1047 2561 vultus.
1095 2510 1127 2558 Iu
1148 2506 1216 2569 foro,
1236 2512 1266 2555 at
1290 2506 1360 2556 nibil

250 2586 364 2635 allevato
373 2600 490 2649 corpore,
500 2593 558 2635 crim
568 2588 783 2651 intelligeret,bis
822 2588 901 2649 aliud,
912 2586 995 2650 ipsum
1005 2585 1062 2635 illos
1073 2580 1157 2633 ioru'rn
1169 2581 1265 2630 turbat.
1277 2610 1281 2615 ·
1294 2580 1360 2631 Hoc

251 2659 286 2711 de
296 2662 379 2711 causis
389 2662 552 2722 Marcellum,
568 2662 725 2713 simultatem
737 2666 783 2713 all-
823 2661 893 2725 quod
905 2662 981 2724 vulgo
993 2665 1123 2721 narratur,
1133 2671 1164 2705 ao
1174 2670 1263 2705 veram
1273 2655 1319 2719 sit,
1329 2661 1360 2704 ta

250 2749 328 2801 qnam
354 2742 446 2785 contra
468 2735 611 2799 Agrippam
632 2738 786 2800 suscepisse,
822 2737 913 2785 melios
939 2743 1017 2797 potes
1043 2734 1128 2784 scire:
1160 2731 1360 2781 declamatoria

250 2824 285 2861 ne
296 2809 318 2860 si
327 2824 378 2859 nno
395 2810 421 2858 in
437 2811 494 2859 loco
503 2811 666 2873 mansissent,
677 2810 784 2862 offensa
823 2810 929 2860 uirtutis
950 2810 1089 2859 htmnem
1109 2806 1230 2856 Porcium
1247 2805 1360 2858 unicum

250 2886 374 2937 intereos
393 2900 423 2935 ac
435 2886 623 2939 contentiones
640 2888 784 2937 intercede·
822 2888 970 2949 exemplum
980 2898 1040 2933 cam
1057 2898 1105 2947 pro
1121 2896 1166 2931 reo
1183 2882 1209 2929 in
1227 2881 1361 2945 Hispania

151 2960 153 2965 “
250 2967 321 3023 rent,
336 2959 479 3025 Agrippam
499 2960 620 3009 continno
640 2960 666 3009 in
682 2962 784 3024 syriam
823 2960 934 3010 Rustico
951 2959 1047 3009 Porcio
1067 2958 1214 3021 propinquo
1225 2971 1273 3005 suo
1285 2956 1360 3005 dice·

250 3037 408 3093 amandavit.
437 3034 556 3099 Agrippa
567 3035 632 3083 urbe
648 3035 783 3097 profectus
822 3042 873 3095 ret,
883 3050 963 3099 nsque
975 3049 1007 3084 eo
1023 3048 1079 3082 esse
1093 3030 1235 3093 contirsum,
1245 3038 1276 3080 nt
1287 3047 1304 3080 a
1316 3047 1359 3081 so·

248 3110 277 3161 in
288 3106 397 3175 ,Syrifir
417 3126 468 3159 non
491 3112 615 3175 perrexit,
635 3112 681 3159 sed
699 3112 785 3163 adbuc
822 3112 935 3160 loecismo
944 3110 1087 3173 inciperet:
1104 3119 1154 3155 nec
1164 3111 1225 3153 ante
1236 3106 1358 3168 potuisse

250 3186 343 3249 majori
362 3201 422 3235 usus
444 3186 627 3250 moderatione,
646 3201 677 3236 eo
698 3188 783 3237 missis
822 3185 977 3249 confimari,
992 3190 1091 3234 tectum
1108 3197 1140 3231 ac
1159 3180 1274 3244 parietes
1289 3181 1360 3231 desi·

250 3259 345 3327 legatis
367 3260 429 3322 suis,
447 3260 501 3323 ipse
521 3261 602 3311 Lesbi
623 3262 782 3325 permansit?
821 3260 1051 3322 decentemquanr
1063 3254 1221 3319 impetravit,
1237 3260 1267 3303 nt
1282 3254 1359 3318 judi·

250 3333 289 3384 At
298 3334 375 3383 Lesbi
386 3336 519 3398 praecipua
535 3337 628 3386 civitas
644 3340 783 3404 Mitylene,
822 3336 890 3385 cium
901 3350 935 3384 ex
946 3332 1003 3383 foro
1019 3333 1045 3381 in
1057 3330 1189 3380 basilicam
1202 3328 1359 3379 transferre·

249 3410 612 3475 bincMityleueuseremetum.
822 3416 873 3461 tur.
905 3412 993 3473 Usque
1004 3422 1036 3457 eo
1044 3406 1157 3470 ingenia,
1166 3411 1195 3454 nt
1206 3404 1233 3453 in
1242 3406 1359 3455 scholas·

283 3484 453 3549 Mityltnme]
468 3486 535 3537 Vide
546 3496 622 3538 notas
632 3490 650 3541 l.
659 3503 697 3539 vr.
709 3505 731 3540 c.
742 3496 782 3543 18.
821 3488 881 3538 ticis
898 3485 1129 3536 exercitationibus
1147 3484 1259 3533 delicate
1273 3483 1359 3533 nntri-

251 3559 376 3611 ΊῖῑῑθΜ·
822 3573 911 3627 antur,
931 3566 1078 3621 clamorem,
1099 3559 1236 3621 silentium,
1262 3558 1358 3622 rmum,

257 3642 297 3677 ·Ρ
330 3636 513 3703 Musijiceatioe]
553 3640 621 3693 Quid
649 3642 781 3709 adbibere,
820 3642 913 3688 coelum
925 3639 1034 3702 denique
1044 3637 1099 3701 pati
1111 3634 1246 3684 nesciant?

251 3709 417 3776 qnidafferre
437 3715 510 3777 potui
529 3716 710 3768 munificentia
728 3724 781 3768 ture
857 3713 958 3776 Umbra]
991 3714 1045 3762 Per
1054 3712 1170 3774 ammam,
1184 3709 1298 3759 sobolem
1309 3708 1357 3757 de-

228 3792 230 3796 '
250 3786 424 3850 impellendae,
434 3790 495 3853 quid
506 3790 646 3843 incitandae
658 3794 684 3842 in
696 3808 737 3845 me
750 3795 782 3844 li-
820 3790 989 3839 olamatornm
1003 3788 1137 3852 intelligit.
1171 3787 1279 3836 Petron.
1287 3783 1356 3835 Arb.

251 3860 385 3913 beralitati
397 3865 466 3913 tuas?
820 3865 962 3915 ‘Nondum
972 3863 1234 3913 umbraticuadoctor
1248 3861 1358 3925 ingenia

283 3942 296 3977 ‘¹
323 3936 453 4001 Adbibere]
485 3940 632 4008 Utrumque
660 3943 783 4007 importat
820 3940 981 3990 deleverat?
996 3939 1023 3989 id
1036 3946 1085 4001 est,
1094 3936 1271 3987 scholasticus.

250 4011 370 4073 uidae,
392 4020 420 4061 et
438 4014 568 4077 reddidere,
584 4014 677 4067 afferre
697 4016 780 4068 et're·
853 4017 953 4066 Seneca
963 4016 989 4063 in
1001 4012 1125 4079 prooemio
1137 4012 1261 4061 Contror.
1280 4010 1299 4059 l.
1311 4022 1359 4062 itt.

250 4084 329 4150 ferra,
349 4095 377 4139 et
396 4096 535 4155 utrumqne
546 4093 669 4155 praestitit
680 4094 781 4144 Neroni
820 4092 828 4121 ‘
839 4091 907 4141 Istos
916 4091 1104 4141 declamatores
1122 4086 1222 4156 produc
1233 4099 1250 4135 a
1260 4092 1356 4134 senatu

250 4160 360 4214 sellem·
820 4167 847 4216 in
858 4166 953 4228 forum,
970 4180 1031 4215 curn
1045 4164 1103 4213 loco
1112 4161 1291 4224 notabuntur,
1301 4159 1357 4208 ral-

283 4238 640 4308 'munumentum
669 4246 713 4297 De
724 4245 782 4297 tali-
816 4234 1357 4312 ‘atinassaetaclaasuetdelectaambrq
