2984 4850
260 364 347 433 1⁷80
617 379 649 428 c.
672 377 853 431 coenuun
877 376 1004 427 rsorrr
1209 378 1365 443 [nuere

172 551 180 563 ’
257 533 359 603 ortus,
386 523 580 609 proceribus
605 521 754 587 civitatis
779 521 998 586 annumerori
1045 518 1135 585 luter
1161 519 1308 599 nobiles,
1333 528 1365 587 et

255 628 356 710 louge
370 626 505 693 decore⁷
519 624 745 709 praeferentes,
771 625 926 687 novitas*
940 640 1016 685 meo
1033 621 1154 686 enituit
1162 621 1193 684 l⁸
1232 620 1366 689 Ubicst

256 728 385 793 enimus
399 728 467 805 ille,
482 726 626 792 modicis
641 729 813 791 contentus
823 726 854 787 lv
874 722 975 786 Tales
987 724 1101 795 hortos
1130 724 1324 800 instruit‚⁹'
1335 731 1366 791 et

255 830 404 913 perhaec
420 829 609 893 suburbano
633 826 765 903 incedit,
790 829 823 889 et
842 825 943 889 tentis
969 843 1123 906 agrorum
1148 824 1286 907 spatiis,
1301 830 1376 901 tem,

254 932 323 997 leto
336 930 462 995 foenore
475 930 658 995 exuberatl
688 928 767 991 Une
779 926 930 991 defensio
945 925 1101 1003 occurrit,
1114 925 1212 1009 quod
1227 929 1363 992 muueri-

254 1032 319 1095 bus
335 1032 401 1096 tuis
417 1032 522 1095 obniti
535 1050 602 1094 non
617 1029 728 1094 debui.
852 1098 854 1101 ,
936 1034 939 1037 ’

297 1116 358 1197 54.ι
376 1132 467 1197 ‘Sed
481 1138 618 1215 uterque
631 1151 828 1195 mensuram
845 1130 1070 1213 implevimus,
1084 1134 1118 1194 et
1131 1134 1182 1207 tu,
1205 1135 1362 1212 quantum

256 1232 418 1317 Princeps
440 1234 583 1299 tribuere
603 1233 712 1297 emico
726 1236 854 1316 posset,
877 1237 912 1296 et
925 1251 998 1313 ego,
1022 1236 1186 1314 quantum
1201 1231 1364 1294 amicuse

255 1333 415 1427 Principe
426 1334 589 1418 accipere.
635 1332 773 1399 Cetera¹
787 1333 949 1397 iuvidiam
963 1338 1081 1415 augent
1089 1340 1110 1397 :¹
1127 1352 1208 1415 quae
1220 1330 1361 1414 quidem,

256 1521 327 1573 urbis
345 1520 476 1573 ascribori
504 1522 579 1573 luter
590 1523 704 1573 illustres
716 1529 743 1573 et
754 1523 851 1574 evitem
871 1524 979 1587 gloriam
1000 1529 1165 1573 ostentantes
1186 1520 1290 1570 noritss
1308 1532 1363 1567 mes

220 1606 226 1617 ,
256 1585 371 1637 effulsit?
398 1586 451 1635 Ubi
462 1592 503 1636 est
513 1602 586 1637 mens
599 1588 644 1637 ills
654 1594 779 1637 contente
791 1588 900 1652 psucisi
915 1588 992 1637 'l'ales
1003 1587 1091 1637 lsortos
1101 1584 1212 1645 excolit,
1223 1589 1252 1633 et
1262 1597 1310 1646 per
1321 1582 1363 1630 trss

256 1652 332 1701 villas
341 1650 466 1712 ambulat,
477 1656 500 1699 et
511 1656 547 1699 tot
559 1652 690 1717 tantisque
702 1659 827 1701 terrerum
843 1649 990 1715 jugeribus,
1005 1656 1035 1700 et
1053 1657 1105 1699 tem
1117 1651 1247 1700 immense
1257 1645 1364 1710 pecunie

257 1713 398 1826 ubuum·
422 1714 482 1763 Une
493 1716 613 1778 suppetit
623 1714 765 1766 excusandi
783 1715 860 1779 retio,
877 1714 947 1780 quod
965 1713 1150 1765 munificentie
1170 1720 1226 1763 tuae
1246 1710 1362 1761 resistere

259 1792 310 1827 non
341 1792 355 1825 e
392 1792 409 1826 ι.
844 1808 847 1815 -
954 1824 959 1833 ,

272 1840 342 1893 -Sed
361 1840 437 1891 ambo
456 1854 547 1891 munus
566 1848 707 1906 partesque
726 1847 830 1892 nostres
846 1841 1018 1906 explevimus,
1036 1849 1065 1893 et
1083 1848 1113 1892 tu
1128 1840 1222 1891 dedisti
1241 1843 1362 1903 qusutum

259 1906 348 1956 Cmssr
359 1905 447 1967 largiri
459 1906 543 1955 emico
554 1914 654 1969 posset,
666 1913 693 1956 et
704 1921 754 1969 ego
764 1907 844 1969 occepi
858 1912 982 1970 qusutum
992 1905 1088 1956 amicos
1101 1906 1225 1972 occipere
1236 1918 1253 1951 s
1263 1904 1367 1965 Cerere,

259 1975 358 2035 posset.
390 1970 486 2019 Cetera
497 1970 584 2020 odium
595 1970 752 2021 intendunt:
768 1970 837 2034 quod
849 1985 921 2034 seue,
932 1975 962 2020 ut
972 1977 1068 2021 cuuets
1076 1971 1201 2033 humum,
1211 1965 1282 2017 infre
1294 1973 1361 2016 turm

733 2097 897 2118 neeoeemo

256 2162 352 2223 mom
367 2176 458 2211 esrum.
491 2162 523 2212 In
541 2162 606 2212 Mss.
618 2163 687 2213 Flor.
706 2164 773 2227 ch.
791 2169 819 2213 et
837 2164 954 2214 editione
972 2162 1102 2227 principe,
1120 2165 1194 2225 begu
1210 2175 1281 2211 estro:
1295 2158 1359 2209 unde

256 2224 376 2275 recubet
386 2226 542 2287 Gronovius,
552 2228 622 2288 longo
629 2227 746 2288 ῥιγῶ-8
763 2227 796 2277 ln
807 2229 858 2277 Ms.
869 2229 935 2291 [teg.
947 2234 975 2276 et
987 2228 1104 2277 editione
1114 2226 1248 2289 principe,
1259 2224 1357 2274 ments.

253 2294 304 2338 -9
321 2289 364 2338 Sic
377 2289 539 2339 Puteolanus
549 2296 577 2339 et
587 2291 756 2341 recentiores.
789 2290 968 2355 Suffrsgsutor
983 2306 1088 2355 quoque
1104 2292 1173 2340 Mss.
1192 2289 1269 2339 Heri.
1285 2288 1357 2337 Bodt.

256 2352 313 2405 Jes.
346 2354 378 2402 ln
389 2352 453 2403 Mes.
465 2354 534 2403 Flor.
546 2355 612 2417 Reg.
622 2354 699 2404 Corb.
710 2363 739 2404 et
749 2354 865 2405 editione
876 2355 1003 2418 principe,
1013 2354 1115 2404 extruit.
1149 2354 1267 2414 Brotier.

289 2416 353 2467 11u
373 2418 443 2470 ldis,
456 2418 528 2468 Flor.
548 2420 614 2482 Reg.
632 2418 712 2468 Corb.
731 2427 760 2468 et
779 2419 893 2469 editione
913 2419 1042 2483 principe,
1057 2425 1138 2481 agent.
1173 2416 1266 2468 Altera
1282 2427 1355 2465 msou

256 2481 430 2545 e'meudstum,
446 2487 542 2545 dogm.
576 2484 674 2532 Contrs
692 2484 719 2532 in
738 2485 791 2533 Ms.
810 2484 886 2534 llsrl.
907 2484 990 2548 primo
1007 2484 1133 2546 scriptum
1151 2487 1252 2546 aegest,
1267 2478 1356 2529 deiude
1420 2495 1423 2501 ’
1475 2526 1476 2553 ζ

255 2550 337 2608 egent.
365 2546 478 2596 Volebet
495 2546 650 2611 Gronovius,
668 2549 741 2598 dent.
765 2549 880 2598 Brotier.
914 2547 947 2597 ln
966 2547 1063 2612 Ryckii
1080 2544 1357 2597 cod.cstsrssstsoidts

757 2693 864 2744 NOTAE

272 2810 300 2856 .“
317 2803 431 2866 Nostro]
448 2803 480 2854 Id
492 2809 541 2868 est,
558 2819 626 2856 nove
642 2806 788 2858 claritudo:
829 2771 959 2858 ‘iu'tusm
970 2809 1079 2873 glorium
1088 2802 1177 2866 cedet,
1196 2821 1241 2856 eos
1252 2804 1284 2853 sd
1294 2814 1355 2852 suru-

168 2919 172 2926 .
256 2885 284 2944 et
302 2879 440 2942 distinguit
451 2879 558 2928 Tacitus
575 2879 645 2930 inter
662 2883 732 2943 begu
749 2884 789 2932 de·
828 2897 872 2933 ms
890 2883 1001 2946 vexisse,
1026 2882 1071 2948 qui
1091 2887 1121 2931 et
1141 2881 1247 2931 modice
1267 2878 1354 2927 tolere-

254 2969 310 3004 core
329 2967 373 3002 sen
384 2953 532 3004 nobilitatem
548 2955 617 3006 iuter
628 2961 656 3006 et
666 2955 789 3006 curemi-
829 2959 907 3009 rent!

254 3043 316 3092 sem,
327 3028 364 3077 ite
375 3034 405 3078 ut
414 3031 507 3079 scottus
516 3030 625 3080 hominis
637 3039 664 3082 et
673 3033 789 3082 docitem
862 3042 879 3066 ¹
895 3035 988 3084 Hortos
1008 3033 1117 3097 instuit]
1138 3032 1222 3082 Vides
1240 3029 1280 3079 hic
1297 3038 1357 3090 opes.
1432 3088 1437 3094 ,

255 3101 325 3168 idem
337 3103 379 3152 eit.
396 3103 440 3152 Sic
449 3119 527 3168 supra
537 3109 578 3166 dl.
600 3105 690 3156 ‘Vixit
702 3112 790 3156 temen
829 3109 937 3158 Seuecre
947 3109 974 3158 in
986 3109 1062 3170 villis,
1072 3109 1150 3171 egris,
1160 3105 1280 3171 pe'cnme.
1305 3098 1354 3150 Sed

257 3187 316 3245 post
332 3181 389 3231 lraec
408 3181 533 3245 Regulus,
550 3183 638 3247 quiete
658 3182 791 3245 defensus,
829 3183 892 3247 quid
903 3191 955 3245 est,
964 3179 1082 3232 instnsit?
1098 3180 1193 3231 reterri
1202 3181 1236 3230 sd
1251 3183 1354 3236 statues,

256 3255 356 3319 etquis
371 3271 440 3305 nove
452 3258 555 3319 generis
566 3259 728 3324 claritudine,
738 3264 789 3310 &e
829 3259 1072 3322 tebulss‚sliumque
1079 3263 1200 3306 ornatum
1206 3249 1354 3320 potest30tsl

256 3328 330 3379 eret.’
807 3333 813 3343 '
829 3334 900 3384 utor.
908 3334 1000 3392 codex,
1008 3334 1120 3393 emme,
1130 3333 1200 3397 quod
1211 3331 1244 3382 nd
1252 3326 1354 3378 aedificis

270 3411 302 3466 'v
318 3405 423 3454 Medicis
433 3407 564 3469 metentes]
580 3408 789 3472 Seipsnminter·
829 3408 866 3457 ibi
877 3409 992 3473 superba
1002 3415 1029 3457 et
1046 3423 1121 3457 nous.
1148 3408 1253 3471 lipsius.
1273 3401 1307 3452 'li
1321 3403 1354 3448 in·

256 3486 333 3543 roget
341 3481 497 3544 Senecs,vel
505 3482 648 3545 respiciens
660 3498 698 3546 se,
706 3485 790 3548 prius-
827 3483 910 3547 struit,
920 3484 954 3532 de
965 3498 1126 3548 quocumque
1138 3484 1210 3533 cultu
1221 3490 1250 3532 et
1265 3481 1352 3530 crustu

256 3569 332 3620 quem
352 3564 440 3606 tentes
457 3571 521 3620 opes
541 3557 663 3620 heberet3
687 3566 715 3608 et
734 3566 789 3609 tum
817 3559 938 3623 'intelligi
949 3567 1046 3622 potest.

255 3631 355 3680 unimus
365 3632 433 3682 illius
444 3632 551 3682 modicis
563 3640 702 3684 contentus
713 3643 787 3687 erut:
861 3640 874 3666 ³
893 3635 990 3697 Cetera]
1007 3635 1108 3696 Cetera,
1128 3649 1187 3698 quse
1206 3641 1236 3683 tu
1252 3628 1351 3686 addere,

256 3705 387 3774 ueletiam
399 3721 426 3755 se
438 3707 464 3755 iu
483 3708 576 3757 mediis
596 3710 688 3772 opibus
704 3710 788 3761 intne-
829 3715 876 3757 sut
886 3716 1001 3770 egoete
1012 3709 1133 3772 recipere
1144 3711 1249 3773 possim,
1254 3707 1306 3770 jem
1317 3701 1352 3749 ln·

258 3786 310 3845 tur,
324 3789 353 3831 et
364 3783 446 3832 adhuc
461 3783 568 3834 modicis
585 3785 665 3834 etiem
682 3793 789 3836 conten·
828 3783 922 3834 vidium
935 3791 1032 3848 sugent
1047 3785 1075 3834 iu
1086 3799 1140 3833 me:
1159 3774 1351 3837 sucronemn-

257 3865 299 3908 tos
309 3856 374 3908 fult:
392 3873 451 3906 uem
462 3859 506 3922 qni
526 3861 620 3908 multas
637 3860 716 3910 hebet
727 3876 790 3925 opes
830 3874 885 3922 vor,
896 3861 979 3924 gratis
991 3860 1116 3923 principis
1125 3860 1152 3909 io
1164 3861 1285 3910 Senecam
1295 3856 1351 3918 poti

257 3933 371 3998 sepiens,
390 3949 434 3983 ees
454 3935 599 3997 possidere,
618 3943 646 3984 nt
665 3938 790 3999 mortalis,
830 3943 871 3987 tot
880 3952 953 4001 opes,
967 3938 1022 4001 jam
1042 3943 1139 3987 cuncto
1156 3938 1213 3986 lraec
1233 3932 1352 3985 invidiosa

257 4017 285 4083 et
304 4009 493 4074 administrare,
514 4018 544 4058 ut
564 4011 726 4075 immortalis,
744 4027 790 4076 po·
830 4020 905 4063 sunt:
925 4013 1133 4077 invidiaquidenr
1145 4013 1214 4062 infru
1226 4005 1350 4062 triumfus·

258 4085 320 4148 test,
333 4087 552 4150 matermortua.
733 4097 735 4100 ·
829 4083 1350 4152 tigiomjscet,necindentempriuclpen

289 4161 384 4226 Slcque
395 4163 581 4226 septennes,
593 4162 635 4226 qni
646 4177 690 4212 ees
701 4163 790 4214 reddit
829 4163 902 4230 cedit
911 4171 957 4214 sut
967 4164 1080 4225 invsdit3
1098 4164 1196 4215 etmihi
1211 4154 1350 4225 accipienti,

257 4237 326 4288 ultro
338 4237 458 4304 principi,
469 4243 497 4289 et
513 4239 625 4303 ipsemet
635 4237 788 4303 profitetur:
828 4238 890 4290 mihi
911 4239 1014 4304 privato
1032 4245 1089 4292 tote
1110 4240 1236 4292 incumbit
1251 4230 1348 4288 mritis
