2984 4850
232 335 324 430 lille
575 347 824 411 cunensium
847 345 974 408 nactur
1074 357 1082 364 ··
1138 377 1141 382 .
1173 349 1336 413 [mnan.

215 510 336 577 ‘nnus
365 508 473 590 plebis
497 508 690 589 anteposuit
717 505 807 587 apud
838 505 963 569 circum
973 511 994 567 :r
1022 522 1166 585 namque.
1191 505 1235 568 ad
1263 495 1336 591 enin

239 612 328 674 diem
343 609 511 674 indiscreti
525 611 695 692 inibant,²⁵
706 609 787 692 quia
799 608 855 676 lex
870 605 1006 674 Roscin‘
1019 607 1112 683 nihil,
1122 607 1186 668 nisi
1202 607 1243 669 de
1258 627 1338 690 qua·

234 804 280 854 pu
289 791 426 839 mininie
437 796 462 840 et
470 791 599 856 mium
609 789 745 851 intramus,
758 790 815 851 qiu
825 790 864 836 nx
882 782 969 836 nuni
978 785 1121 847 nutricant,
1131 778 1179 848 nin
1188 776 1217 834 ui
1231 771 1338 848 mulor-

271 1033 284 1077 1
302 1027 368 1078 Mes.
386 1028 460 1077 Harl.
471 1029 526 1079 Jes.
535 1027 686 1077 sedibus—2
700 1027 745 1075 Sic
759 1028 822 1077 Mss.
834 1025 912 1076 Corb.
925 1025 1011 1078 uires.
1023 1027 1161 1076 Rhenanus
1173 1031 1202 1075 et
1213 1025 1339 1074 recentiu-

736 1189 847 1244 NOTAE

237 1301 327 1351 navit?
359 1302 514 1365 Latinitate,
526 1303 553 1353 id
564 1311 613 1365 est,
627 1305 688 1367 jure
698 1305 768 1353 tatii
809 1304 910 1352 senatui
926 1303 1047 1354 attribuit
1068 1309 1167 1352 certain
1184 1312 1339 1350 mansuram·

238 1377 342 1426 veteris.
375 1377 441 1426 lude
462 1378 530 1440 apud
551 1380 663 1427 Plinium
685 1381 702 1428 l.
724 1394 767 1429 ιιι.
809 1381 964 1444 quesedenn
997 1381 1135 1430 Suetonius
1145 1395 1168 1429 e.
1179 1383 1221 1428 21.
1243 1376 1339 1426 ‘Circo

237 1455 344 1516 legitur,
370 1454 488 1520 quaedam
510 1456 606 1518 oppida
624 1454 706 1504 fnisse
726 1456 769 1504 ci·
809 1458 920 1507 maximo
937 1457 1087 1506 marmoreis
1107 1453 1254 1504 carceribus
1267 1464 1339 1499 aura-

230 1531 310 1586 ,vium
332 1531 407 1578 Rom.
434 1531 506 1578 ‘aliu
531 1531 680 1580 Latinorum
699 1536 769 1580 vete·
810 1533 980 1596 tisqnemetis
998 1533 1111 1592 exculto,
1125 1531 1342 1593 propriasenntn·

239 1607 312 1654 rnmJ
336 1663 339 1666 ,
482 1609 486 1614 “
810 1608 879 1657 ribus
891 1609 1028 1658 constituit
1039 1610 1105 1668 loca,
1113 1606 1259 1669 promiscue
1271 1615 1342 1666 spee-

229 1741 233 1747 ,
271 1682 769 1752 Cic.adrltt.l.x1v,.‘MultaSieulis
810 1691 866 1734 tare
888 1684 989 1734 solitis!
1031 1683 1079 1734 Ait
1097 1682 1242 1746 promiscue:
1260 1676 1340 1739 magi!

239 1758 338 1819 Caesar,
349 1772 432 1822 neque
444 1775 485 1808 me
496 1762 589 1823 invito,
599 1769 627 1810 et
640 1763 661 1810 si
673 1761 770 1810 natiul-
810 1775 871 1809 uere
883 1760 1048 1823 proprieque,
1057 1772 1130 1821 vage.

239 1840 365 1896 tuerat,
382 1835 569 1892 conferenda)
600 1838 771 1901 latiumque·
843 1837 909 1884 Eam
927 1836 995 1884 enim
1013 1833 1129 1883 Suetonii
1145 1839 1258 1885 mentem
1273 1842 1342 1891 essa,

239 1911 359 1973 quodum
375 1912 442 1960 dixit
452 1914 605 1976 Spartianus
618 1914 645 1962 in
658 1913 771 1961 Hadria-
811 1911 893 1960 libens
905 1911 1032 1960 concredo
1050 1924 1105 1958 rem
1125 1922 1183 1957 eam
1202 1905 1344 1970 explicanti

229 1999 296 2044 110..
312 1987 372 2044 Tac.
393 1987 461 2036 Hist.
478 2001 523 2037 ur.
539 1989 666 2038 ‘Foedera
682 1989 773 2052 sociis,
812 2003 870 2037 curu
882 2003 953 2048 cura,
963 1987 981 2036 l.
995 1999 1039 2038 nx.
1050 1987 1058 2014 ‘
1068 1985 1229 2048 Spectabunt
1240 1983 1344 2048 quidem

238 2060 339 2108 Inuum
351 2063 466 2110 externis
477 2063 608 2124 dilargiri:
625 2064 744 2126 Lupones.
813 2065 925 2128 antesin
937 2063 1023 2124 Circo,
1033 2062 1137 2112 saaraim
1156 2067 1184 2108 et
1201 2058 1344 2122 separatim

225 2182 236 2190 ,
270 2137 319 2186 Jss
336 2137 417 2198 latii]
452 2138 527 2186 Anno
547 2141 637 2188 Romen
658 2138 771 2188 condite
812 2146 945 2190 senatores
963 2145 990 2188 et
1007 2139 1105 2202 eqirites
1120 2141 1242 2184 scetem
1257 2133 1344 2183 turba.

238 2216 297 2262 816.
308 2220 336 2261 ut
347 2228 424 2276 supra
436 2228 460 2262 e.
472 2218 513 2264 22.
532 2216 653 2264 Tillenos.
812 2215 935 2266 Nondum
952 2222 1040 2264 tamen
1061 2220 1135 2263 certa
1153 2219 1182 2260 et
1198 2217 1268 2260 stass
1287 2210 1342 2258 locs

116 2286 122 2299 '
167 2262 175 2282 ⁹
220 2328 222 2330 .
271 2288 352 2352 latit]
367 2290 564 2341 Iibxnctt.
582 2292 657 2341 Idem.
812 2290 1083 2354 illisussiguntssunt.
1116 2287 1167 2338 Sed
1188 2286 1345 2335 tuneiclm·

271 2366 416 2429 tEquimm
440 2368 598 2432 Rornanorum
619 2369 690 2433 loeus]
729 2369 772 2416 Ita
812 2365 879 2427 dius,
891 2365 977 2414 sedem
989 2380 1065 2430 quam
1078 2378 1145 2412 nunc
1155 2365 1296 2423 ouctrpnnt,
1307 2373 1345 2408 se·

158 2482 161 2485 .
239 2457 295 2492 mus
310 2442 336 2489 in
351 2443 428 2492 Circo
447 2445 556 2503 sedendi
575 2445 640 2505 fuit3
656 2444 727 2509 (nam
738 2444 771 2493 de
812 2442 946 2492 ueteribus
961 2442 1107 2503 constituit,
1126 2446 1154 2504 et
1166 2445 1296 2502 praterea
1306 2437 1344 2499 ip-

239 2518 418 2571 tbeatroalius
430 2518 599 2582 mihilocus5)
615 2520 647 2570 ad
660 2518 772 2583 Augusti
813 2517 858 2581 sis,
877 2518 898 2566 si
912 2518 956 2581 qui
968 2518 1074 2577 vellent,
1091 2520 1209 2579 spectare
1227 2513 1303 2562 ludus
1320 2513 1346 2561 in

239 2607 324 2641 aevum
333 2595 511 2656 spectaculum
520 2593 547 2641 id
557 2601 671 2655 senatus,
682 2608 771 2658 eques,
813 2594 915 2657 privata
925 2598 999 2655 veste
1008 2590 1142 2656 permisit?

231 2668 330 2730 plebes
341 2668 441 2717 inibant
451 2669 593 2719 indiscreti.
845 2667 897 2719 Sed
920 2668 1043 2719 Claudius
1060 2668 1162 2716 senatui
1182 2673 1304 2729 tantum:
1321 2680 1346 2715 a·

272 2743 341 2791 Nam
352 2744 449 2793 Roscia
465 2745 508 2793 lex
525 2751 553 2794 et
567 2744 640 2796 dulia
649 2746 773 2793 'l'lseatre-
814 2746 881 2815 qniti
892 2758 955 2795 ecce
967 2757 1036 2793 nunc
1048 2744 1130 2792 Nero.
1149 2743 1258 2792 Sueten.
1269 2754 1294 2791 c.
1307 2746 1346 2790 ll.

238 2815 281 2878 lis,
292 2818 326 2867 de
336 2834 414 2869 scena
423 2825 524 2869 tantum
535 2827 728 2881 cavernatum
738 2819 773 2869 de
814 2822 822 2848 ‘
833 2820 998 2871 Circensibus
1008 2820 1065 2869 luca
1076 2819 1159 2882 equiti
1167 2825 1271 2867 secreta
1282 2832 1347 2867 ace-

240 2894 379 2949 Cnrulibns
398 2894 475 2947 ludis.
508 2895 692 2959 Quiquoniem
705 2894 770 2943 anti·
816 2896 877 2945 teris
897 2895 1005 2947 tribuit!
1037 2893 1135 2943 Plinius
1154 2906 1219 2941 vrri.
1242 2897 1267 2941 t.
1286 2892 1348 2941 satis

240 2970 365 3035 quissimi,
385 2971 510 3035 religione
527 2971 648 3035 quadam,
668 2986 771 3036 censeo,
811 2971 924 3025 ostendit
932 2983 998 3019 nom
1005 2968 1170 3019 ssaedllicata
1177 2983 1208 3018 ea
1217 2970 1276 3017 loca
1286 2967 1348 3019 fnis-

241 3048 353 3098 etsiuml
364 3063 414 3097 non
432 3048 575 3102 alienandae
588 3048 669 3111 plebi,
684 3064 771 3097 serva·
811 3064 838 3099 se
847 3066 854 3101 t
864 3049 872 3077 ‘
881 3045 1116 3107 cassamentum
1128 3046 1222 3109 inquit,
1233 3046 1241 3073 ‘
1253 3045 1349 3108 euripis

240 3126 320 3175 tus'in
330 3126 424 3176 iismos
435 3128 546 3191 priscus.
811 3139 916 3174 erenum
950 3121 1141 3181 circumierim
1173 3136 1238 3184 quus
1276 3122 1348 3170 Nero

235 3198 239 3201 ’
275 3201 395 3262 Cornelio
406 3202 488 3251 Cinna
497 3201 611 3264 demum,
625 3208 654 3251 et
664 3202 773 3251 Valerio
813 3188 934 3266 princeps
944 3199 1057 3261 sustulit,
1068 3198 1151 3262 equiti
1163 3199 1221 3247 luca
1233 3196 1349 3247 addens.'

242 3273 364 3324 Messalla
375 3278 447 3324 Coss.
460 3290 527 3325 anno
538 3277 610 3326 urbis
620 3281 677 3327 ⁷58.
693 3285 775 3327 muta·
848 3276 924 3327 Quod
937 3273 1027 3324 inune
1046 3273 1182 3323 verborum
1193 3273 1288 3322 Dionis
1300 3280 1350 3334 est,

243 3350 433 3414 vitAugustns.
467 3350 520 3400 Diu
537 3351 775 3402 l.1.v.‘lltenrsus
815 3353 894 3403 nolim
910 3340 1038 3415 negliges.
1072 3351 1140 3399 Nam
1153 3350 1351 3413 etiampustlo·

241 3418 367 3489 equorum
387 3424 495 3475 seorsim
513 3426 617 3490 quidem
633 3435 777 3497 senatores,
816 3444 847 3480 ea
858 3427 948 3489 divisa,
967 3427 1115 3489 prorniscue
1133 3426 1209 3475 licuit
1224 3432 1350 3489 spectare

242 3509 271 3555 et
288 3501 403 3572 'seorsim
429 3502 530 3564 equites
551 3518 567 3551 a
586 3509 677 3553 uetera
699 3506 777 3568 plebe
817 3505 988 3566 senatoribus,
999 3502 1046 3551 sed
1060 3503 1088 3551 in
1099 3509 1222 3569 veste,5ut
1237 3503 1286 3561 ait,
1298 3502 1351 3564 pri·

242 3574 636 3641 spectant,qnudetbodielit.’
760 3624 762 3627 .
816 3589 886 3632 vata.

273 3652 317 3702 Ita
328 3658 359 3701 ut
369 3652 460 3701 saltem
467 3652 576 3715 juberet
587 3655 692 3703 seorsim
701 3670 774 3719 spec·
849 3656 1003 3719 Exemplum
1022 3656 1049 3703 in
1066 3654 1152 3703 Plinio
1169 3652 1256 3721 ¹Epist.
1275 3654 1293 3702 l.
1310 3662 1349 3700 rx.

242 3737 299 3785 lare
311 3734 438 3790 senatum,
454 3730 560 3779 seorsim
576 3732 705 3795 equitem:
722 3746 773 3780 non
816 3734 861 3783 nbi
873 3734 953 3783 Corn.
969 3730 1075 3780 Tacitus
1086 3730 1129 3779 bie
1146 3719 1204 3791 ipse
1219 3734 1308 3784 nostes
1324 3724 1350 3781 in

239 3816 330 3862 tamen
347 3808 553 3865 lncsilliscertn
568 3809 711 3873 assignaret
721 3817 773 3859 stu·
816 3809 962 3873 equestribus
996 3811 1111 3870 spectat,
1148 3805 1199 3853 etsi
1227 3811 1350 3859 senator:

242 3893 330 3949 taque.
367 3944 371 3949 .
816 3887 976 3950 ‘Nunquam
1003 3882 1150 3945 majorem)
1176 3880 1215 3933 sit
1242 3878 1351 3940 Plinius,

275 3962 368 4026 ltaque
386 3960 414 4009 in
432 3961 485 4009 alia
500 3966 579 4026 atque
597 3963 648 4027 aliu
669 3961 775 4025 regione
809 3948 825 3993 '⁴
838 3961 897 4024 cepi
918 3960 1087 4022 voluptatem,
1108 3970 1185 4021 quam
1208 3968 1294 4020 nuper
1315 3969 1348 4003 ex

242 4038 313 4089 Circi
323 4036 490 4101 spectabant,
503 4036 641 4100 (sedilibus
651 4037 777 4088 videlicet
815 4050 933 4089 sermone
950 4036 1029 4091 curn
1039 4033 1132 4093 Taciti.
1148 4026 1299 4091 [Narrabat
1313 4042 1350 4079 ss·

226 4114 280 4175 „li—is
290 4118 335 4162 sut
345 4111 394 4180 illis
406 4127 423 4161 s
433 4111 510 4175 plebe
522 4109 680 4175 occupatis)
690 4112 775 4163 donec
816 4116 886 4176 disse
895 4128 922 4163 se
934 4110 1100 4163 Circensibus
1112 4110 1264 4175 proximum
1271 4107 1350 4173 equiti

242 4188 363 4252 tolleudae
388 4186 544 4253 confusioni,
568 4188 691 4241 Claudius
711 4188 775 4253 imp„
817 4189 965 4243 Remitte.
