2984 4850
143 384 278 449 acts]
294 402 329 448 -·,
496 380 713 434 asumma
735 384 809 434 mn.
833 383 898 434 xv.
1147 371 1239 444 beta
1269 337 1276 348 ⁵

149 520 572 606 migramuunavaritiar
586 521 900 606 Calpurniuscitc
917 529 1129 612 pepererunt..
1147 525 1240 600 Nam

150 625 251 708 culpa,
266 643 365 707 quarn
383 632 514 705 poenai’
534 629 680 706 temporo
705 626 814 708 prior3
837 626 1014 704 emendari,
1037 647 1138 710 quam
1158 647 1239 709 pcc·

149 745 229 801 care,
247 724 411 818 posterius
435 730 495 788 est.
539 724 627 808 Ergo
641 726 798 793 adversus
812 747 933 796 novam
962 729 1240 810 provincialium²

149 827 328 908 superbiam
357 821 577 906 ‹lignum-fille
604 829 855 912 constantiaque
882 828 1034 892 Romana
1061 829 1240 911 capiamus

149 927 338 1003 consilinm,q
353 946 420 1008 quo
429 927 540 1000 tutelae
552 929 717 992 sociorum
727 929 809 993 nihil
821 929 1005 1011 derogetur,
1016 929 1114 1006 nobis
1123 929 1240 1011 opinio

147 1107 205 1158 bitio
220 1109 413 1158 candidatorum
424 1109 502 1174 ,leges
512 1107 605 1172 Julias,
621 1108 749 1174 cupiditas
761 1106 1120 1172 magistratuum-Culpamia.
1133 1106 1240 1158 decreta

148 1179 290 1235 genuerunt.
324 1173 430 1236 Quippe
441 1173 565 1222 delictum
576 1173 648 1236 priuis
661 1181 788 1236 tempore,
802 1187 879 1236 quarn
891 1171 1045 1234 supplicium
1056 1186 1063 1230 3
1080 1175 1104 1218 et
1115 1173 1241 1234 posterius

148 1242 184 1285 est
194 1237 284 1299 puniri,
304 1251 379 1300 quarn
390 1237 549 1348 delinquere.
583 1237 677 1301 ltaque
694 1243 788 1286 contra
799 1242 931 1284 recentem
950 1235 1144 1297 provincialium
1156 1235 1237 1297 impo-

148 1302 247 1350 tentiam
257 1302 389 1364 capiamus
400 1315 454 1364 par.
480 1300 523 1350 dei
541 1299 683 1364 virtutique
702 1300 779 1366 Rom.
797 1299 1009 1372 consiliumque
1019 1298 1189 1352 incolumitati
1201 1313 1240 1348 so·

598 1427 777 1452 0066!ssme

146 1519 189 1564 —2
199 1515 239 1566 Sic
256 1517 326 1567 berre
337 1517 452 1567 Piclresa
462 1532 496 1566 ex
507 1517 560 1568 Ma.
571 1515 642 1566 Flor.
663 1515 750 1578 Vulgo
761 1515 788 1564 iu
806 1515 873 1564 Mas.
884 1518 911 1564 et
930 1511 1061 1563 veteribus
1073 1511 1239 1576 editionibus,

143 1581 319 1641 procinctam.
351 1581 465 1631 Brotier.
516 1637 520 1641 ,
598 1598 604 1610 ·
1159 1599 1166 1622 z

110 1671 113 1675 ’
633 1668 740 1719 NOTAE

145 1778 234 1848 batque
251 1799 325 1835 more
335 1784 444 1844 solenni,
459 1783 561 1833 ferebat
571 1787 599 1832 et
610 1783 667 1846 ipse
706 1780 770 1830 bere
781 1783 926 1844 oporteret,
937 1777 1086 1842 oportebit!

140 1856 320 1923 suffragiumin
330 1860 442 1922 tribu,ut
453 1857 666 1922 unusspopulo!
731 1857 793 1906 ‘Per
810 1871 841 1904 ea
861 1868 922 1903 vero
940 1863 1068 1916 tempora,
1084 1867 1142 1902 curn
1161 1852 1239 1900 nullis

143 1931 175 1985 itt
195 1947 248 1998 esp.
270 1941 314 1987 40.
341 1936 537 1985 ‘Comitiorum
562 1947 666 1997 quoquo
706 1931 789 1980 adbuc
798 1930 899 1994 legibus
910 1929 958 1978 hoc
970 1929 1069 1978 crimen
1080 1927 1238 1976 vindicatum

143 2009 271 2069 pristinum
278 2013 327 2074 jus
342 2012 462 2060 reduxitz
481 2026 512 2060 ac
526 2009 665 2074 multipiici
706 2005 847 2069 esset,haeo
856 2019 934 2054 causa
943 2005 1047 2068 privata
1056 2003 1116 2067 suit,
1126 2009 1155 2053 et
1165 2011 1240 2052 extra

143 2097 212 2144 puna
232 2087 349 2135 coercito
372 2086 470 2136 ambitu
493 2085 616 2135 Fabianis
636 2090 666 2134 et
705 2080 821 2130 ordinem
831 2093 889 2129 cum
906 2079 1239 2129 senatusconsultoareca·

142 2157 330 2221 Scaptiensibus
346 2161 483 2210 tribulibus
501 2161 554 2210 suis
564 2161 608 2210 die
624 2175 666 2210 co·
705 2157 870 2222 paratoribus
880 2156 986 2218 cognita
1001 2161 1050 2205 est.

141 2233 317 2299 minoraque
335 2237 397 2300 quid
417 2252 570 2302 aquoqnam
580 2237 667 2287 candi·
737 2241 750 2266 ¹¹
768 2232 910 2296 Calpurnia]
934 2230 1011 2280 Hunc
1029 2232 1114 2294 legem
1134 2231 1196 2280 tulit
1207 2232 1238 2282 L.

141 2310 198 2362 tlsto
206 2317 395 2378 desiderarent,
403 2316 504 2379 singula
511 2315 668 2364 millianam.
706 2308 860 2372 Calpurnius
871 2307 933 2356 Piso
944 2306 1063 2355 tribunus
1076 2306 1160 2368 plebis
1171 2319 1238 2354 anno

141 2400 204 2439 mum
217 2405 233 2440 a
248 2407 276 2442 se
293 2390 448 2442 dividebat!
480 2390 546 2441 Sunt
565 2396 666 2456 septem
705 2390 763 2435 504.
774 2386 804 2435 L.
823 2381 924 2433 Marcio
936 2380 1089 2443 Censorino,
1105 2380 1239 2430 M.Maui·

141 2464 208 2515 libra
217 2474 245 2516 et
255 2467 347 2517 decem
359 2482 438 2517 asses.
543 2459 545 2462 ’
663 2510 667 2516 ,
705 2460 741 2508 lio
753 2458 911 2508 censoribus.

141 2557 145 2571 ·
170 2541 203 2591 Et
213 2548 280 2593 testa
289 2544 377 2593 Dione
388 2544 406 2591 l.
418 2556 474 2592 niv.
501 2542 600 2593 statuit
610 2542 664 2593 Aa·
737 2534 871 2596 Qualege,
880 2545 930 2580 nou
938 2530 1100 2593 solumpoena
1110 2529 1240 2593 graviore,

138 2623 231 2680 gustus,
251 2625 282 2668 ut
307 2620 352 2683 qui
373 2617 552 2680 largitionibus
573 2617 665 2681 magii·
704 2614 735 2659 nt
747 2606 886 2657 verisimile
905 2612 954 2667 est,
968 2606 1018 2653 hoc
1036 2606 1135 2655 crimen
1156 2605 1241 2654 viudi-

138 2696 230 2741 tratum
237 2694 414 2757 petiisseuqii
429 2694 604 2758 quinquennio
620 2707 664 2741 vs.
704 2684 815 2732 candum
827 2682 923 2743 sanxit,
941 2680 987 2730 sed
1003 2680 1083 2729 etiam
1094 2686 1125 2729 nt
1135 2687 1237 2731 certum

139 2776 233 2820 sarem.
702 2760 760 2807 baec
769 2757 876 2821 quaestio
886 2764 1024 2819 praetorem
1035 2755 1155 2818 haberet,
1167 2756 1239 2805 insti·

167 2850 184 2875 ¹²
200 2845 389 2905 Magistratus„
414 2844 529 2909 flandria]
560 2844 664 2894 primu,
704 2835 763 2895 tuit,
775 2835 812 2882 ita
827 2839 857 2881 nt
868 2846 935 2881 nova
951 2833 1008 2894 lege
1020 2844 1071 2879 uon
1088 2844 1152 2893 opus
1167 2838 1237 2881 esset

138 2915 174 2967 M.
194 2919 303 2968 Porcios
323 2919 398 2981 Cato,
416 2934 475 2968 cum
495 2933 529 2967 ex
547 2925 664 2982 pratum
702 2907 842 2969 sociis,sed
860 2905 1096 2955 baberentcertum
1115 2904 1148 2953 ad
1159 2919 1236 2967 quern

135 2991 275 3043 Sardiniam
287 2994 429 3054 obtineret,
448 2999 545 3042 sumtus
562 2993 664 3057 provin.
703 2984 1041 3046 confugerentgpratorem.
1060 2978 1116 3027 Cic.
1136 2978 1170 3026 de
1182 2977 1239 3028 Off.

139 3066 238 3115 cialium
256 3069 283 3116 in
303 3074 432 3131 praetores
453 3068 578 3131 miscuit,
597 3082 664 3118 anno
702 3058 750 3107 lib.
758 3072 789 3107 11.

137 3144 199 3191 sou:¹
215 3142 475 3208 aequauerant:
735 3129 841 3193 ‘’Seita]
856 3125 978 3191 negatio,
996 3126 1077 3189 reges,
1097 3125 1172 3187 scria,
1194 3126 1236 3175 hie

137 3234 140 3241 ·
165 3218 328 3268 ‘amintam
347 3216 664 3267 Mfflorciuscatoobfi.
703 3222 782 3259 unum
801 3206 909 3256 etitem
924 3209 992 3253 suut.
1024 3202 1236 3262 Rogatianum

137 3292 222 3355 nebat,
235 3293 321 3357 fugati
331 3308 364 3343 ex
383 3294 467 3341 insuia
476 3292 663 3353 foeneratore„
704 3283 817 3350 praecise
836 3280 895 3343 fuit,
906 3293 965 3329 cum
980 3279 1237 3342 improperaretur,

135 3373 275 3430 etsumtns,
287 3381 352 3433 qnos
362 3368 389 3415 in
406 3368 504 3416 cultum
522 3374 663 3429 pratorum
703 3362 853 3425 priusquam
865 3356 1011 3420 approbata
1028 3355 1134 3416 lataque
1153 3361 1238 3414 esset;

136 3441 297 3491 soeiifacere
319 3441 388 3489 soliti
410 3448 496 3504 erant,
519 3442 666 3491 circumcisi
702 3438 779 3498 Le'ges
799 3436 886 3497 dictae,
905 3441 1041 3497 postquam
1060 3433 1121 3480 lata·¹
1139 3438 1237 3481 essent.
1283 3442 1288 3451 ⁴

135 3514 305 3565 eutsnblati!
508 3542 512 3551 -
657 3543 660 3550 ·
703 3509 888 3575 Seitoproprie
902 3506 1238 3572 jussapopuli‚cumspo-

164 3590 197 3640 In
205 3591 293 3641 vereri
304 3591 382 3640 etism
391 3591 530 3654 plebiscito
542 3591 575 3641 de
586 3592 666 3641 Ther-
704 3588 766 3649 pulo
789 3585 907 3643 sancita,
928 3592 1022 3645 nempe
1046 3582 1109 3643 tages
1135 3583 1238 3641 essenti

132 3666 260 3714 mensibus
268 3665 418 3715 nominatur
432 3666 475 3713 lex
492 3666 596 3729 Porcia,
613 3682 667 3730 qna
683 3723 688 3733 .
704 3668 760 3711 tum
771 3658 893 3723 plebiscita
903 3659 1069 3707 vocabantur.

130 3742 276 3807 iuberetur,
292 3745 355 3809 quid
374 3760 449 3809 quem
470 3745 584 3805 sedare,
598 3744 667 3807 pra·
737 3738 833 3784 ¹’Nom
852 3735 1009 3795 antipapam
1030 3730 1111 3794 Μὰ]
1142 3730 1237 3780 Similis

134 3808 195 3857 bere
205 3816 353 3872 oporteret,
365 3809 460 3857 bisses
479 3811 515 3858 is:
532 3810 595 3857 ‘Ne
607 3809 665 3871 quis
705 3824 799 3875 gnome
809 3811 835 3859 in
851 3808 1029 3857 Tertulliano:
1046 3808 1053 3835 ‘
1067 3809 1149 3856 Nemo
1170 3812 1238 3868 post-

129 3882 310 3946 magistratus,
332 3897 412 3945 prove
427 3884 580 3945 magistratu
596 3884 667 3946 lega·-
705 3884 798 3934 sutura.
812 3881 989 3947 reprehendit,
1008 3896 1066 3945 quae
1077 3881 1180 3943 ignorat
1197 3874 1236 3927 fu·

133 3966 182 4021 tus,
198 3974 252 4009 nen
266 3958 327 4023 quis
344 3960 408 4008 alius
427 3958 518 4021 facito,
533 3974 600 4009 neve
619 3961 665 4009 im·
705 3965 781 4008 tura:
799 3956 947 4007 emendatio
968 3956 1073 4017 culpam
1092 3968 1144 4002 uon
1164 3959 1238 4002 ante·

132 4040 231 4097 persto,
241 4049 297 4098 quo
309 4033 366 4096 quis
377 4035 458 4096 magis
474 4035 493 4083 il
509 4031 583 4095 deut,
599 4050 666 4099 prm·
706 4034 796 4083 cedit?
828 4032 934 4095 lipsius.

132 4107 279 4175 itemtque:
307 4109 341 4158 ab
362 4110 428 4158 iisse
449 4109 591 4171 auferatur,
615 4109 666 4159 nisi
737 4102 1035 4170 tCopiomoscoasr'licm]
1052 4102 1237 4164 Cspiammsos-

132 4183 200 4249 quod
208 4183 252 4233 ed.
262 4199 285 4233 s.
297 4196 332 4231 ex
343 4183 400 4244 lege
416 4184 512 4233 Porcia
519 4186 591 4249 dare,
602 4198 665 4249 prae-
704 4181 794 4250 utun,
805 4198 856 4251 quo
866 4184 946 4234 liceat
956 4180 1031 4231 sociis
1041 4188 1163 4231 accusare
1179 4192 1237 4227 rec·

194 4262 287 4327 Delpb.
296 4266 324 4311 et
336 4262 394 4313 Vm·-
407 4264 473 4313 Clas.
646 4263 725 4315 tacu.
1114 4260 1131 4306 6
1147 4258 1169 4309 C
