2984 4850
236 372 326 441 1⁷54
583 390 615 437 c.
638 389 820 437 conunnrr
843 388 972 454 rserrr
1022 405 1026 409 ·
1178 391 1229 457 [a
1239 394 1277 447 tt.
1288 394 1352 445 err.

189 614 192 623 ,
236 536 396 600 latentur:
418 552 525 615 neque
540 550 615 595 sum
631 532 848 598 adversatus:
870 553 948 610 non,
972 532 1051 615 quia
1069 532 1269 609 dubitarem,
1287 550 1351 595 su·

218 620 297 719 'per
314 637 467 699 omuibus
490 635 633 711 repotiis
656 637 773 698 melius
793 642 904 719 atque¹
930 636 1049 698 rectius
1064 624 1141 697 olim
1158 636 1351 716 provisum,

236 743 280 814 et,
304 758 379 820 quse
403 742 678 813 converterentur,
701 737 735 799 in
756 737 897 800 deterius
914 738 1051 814 mutari3
1074 736 1132 798 sed
1158 756 1200 798 ne
1223 737 1350 798 nimio²

236 857 347 902 amore
362 839 487 920 antiqui
503 840 603 901 moris
626 838 774 901 studium
795 858 904 901 metum
926 838 1088 900 extollere·
1105 838 1243 901 viderer.
1293 837 1351 901 Si-

236 941 314 1017 mul,
331 940 491 1023 quicquid
506 941 568 1003 hoc
585 941 617 1002 in
642 940 740 1002 nobis
756 940 964 1003 auctoritatis
980 945 1057 1016 est,¹²
1075 940 1196 1002 crebris
1212 944 1351 1003 eontra·

237 1044 441 1107 dictionibus
466 1040 699 1105 destruendum
719 1061 786 1104 uon
808 1043 1054 1116 existimabam,
1078 1047 1114 1103 ut
1136 1046 1287 1104 maneret
1300 1042 1353 1103 in·

235 1143 388 1227 tegr·um,¹³
411 1142 588 1225 siquando
612 1140 826 1233 Respublica
833 1142 980 1205 consiliis
996 1143 1156 1221 eguisset:
1180 1141 1272 1224 quod
1287 1142 1353 1205 ho·

236 1248 290 1320 die
304 1248 436 1322 euenit,³
454 1244 628 1307 Consulari
644 1246 715 1307 viro
731 1238 821 1307 domi
843 1264 914 1307 suae
928 1244 1113 1320 interiectu,
1129 1263 1188 1326 per
1201 1239 1352 1307 insidias

237 1349 386 1423 serviles
402 1366 485 1429 quas
508 1366 604 1409 nemo
626 1347 793 1428 probibuit
815 1352 873 1409 aut
898 1346 1056 1429 prodidit,
1080 1346 1235 1427 quamvis
1260 1366 1352 1409 non-

235 1452 315 1517 dum
331 1469 493 1513 concusso
508 1449 650 1513 Senatus
666 1450 830 1526 consulto,
846 1448 938 1531 quod
952 1448 1155 1531 supplicium
1170 1448 1230 1511 toti
1247 1447 1352 1511 sami·

234 1552 291 1616 liae
319 1551 540 1613 minitabatur.
602 1550 792 1613 Decemite⁰
827 1550 959 1612 hercule
985 1550 1223 1631 impunitatem.
1287 1547 1358 1625 At,
1390 1598 1394 1605 .

239 1660 353 1737 quern4
385 1652 526 1733 dignitas
555 1671 618 1715 sua
637 1651 802 1728 defendet,
827 1672 903 1714 cum
928 1651 1131 1715 Praefectura
1157 1652 1249 1713 urbis
1277 1669 1353 1713 non

236 1752 444 1838 profueritl⁵
469 1772 566 1837 quem
589 1772 745 1815 numerus
773 1771 941 1816 servorum
964 1752 1116 1824 tuebitur,
1140 1770 1217 1837 cum
1231 1750 1359 1835 Pede-¹

236 1854 328 1918 nium
350 1854 540 1919 Secundum
556 1853 786 1936 quadringenti
801 1872 867 1915 non
884 1852 1112 1935 protexerint?
1137 1852 1192 1915 cui
1214 1848 1352 1915 familia

236 2048 278 2081 sus
289 2048 373 2083 mores
393 2035 561 2099 institutaque
582 2042 714 2085 tetemm:
732 2052 817 2100 neque
829 2037 971 2085 reluctatus
982 2050 1054 2083 sum:
1072 2048 1123 2082 uon
1142 2033 1210 2096 quod
1230 2031 1352 2093 ambige·

235 2112 299 2159 reru,
310 2099 464 2159 prudentius
477 2106 503 2147 et
515 2099 657 2162 sapientius
669 2102 730 2149 olim
743 2102 889 2149 consultum
900 2116 948 2148 esse
960 2100 993 2148 de
1003 2099 1102 2147 cunctis
1113 2100 1198 2158 rebus,
1209 2103 1237 2147 et
1246 2113 1275 2146 eo
1287 2111 1351 2160 qum

235 2168 399 2211 mutarentur
417 2163 441 2209 iu
461 2164 535 2225 pejus
556 2164 640 2221 verti3
658 2164 702 2211 sed
720 2180 753 2214 ne
772 2166 908 2213 immodico
928 2164 1014 2212 studio
1034 2163 1113 2225 prisci
1130 2163 1208 2210 moris
1228 2168 1351 2211 amorem

236 2239 321 2274 nrenm
333 2228 466 2275 celebrare
484 2227 595 2275 viderer.
629 2229 715 2276 Etiam
727 2244 777 2277 uon
790 2230 914 2292 putabam
926 2226 1142 2289 corrumpendum
1154 2241 1203 2274 esse
1215 2232 1353 2289 perpetuu¹

235 2289 359 2349 dissensu,
373 2291 493 2354 quiequid
506 2292 533 2338 in
544 2292 617 2340 nobis
629 2286 794 2341 auctoritatis
806 2301 856 2353 est,
878 2300 907 2341 ut
919 2292 1087 2340 intercedere·
1095 2290 1200 2338 taudem
1212 2290 1350 2352 integrum

236 2352 302 2402 nobit
316 2354 402 2417 suaque
419 2362 498 2418 esset,
508 2355 529 2403 si
541 2356 696 2419 quaudoque
714 2357 871 2422 Resppblica
881 2358 969 2405 nostru
979 2356 1092 2405 consiliis
1109 2354 1256 2415 indigeret:
1276 2353 1351 2415 quod

235 2418 313 2467 bodie
324 2419 430 2482 acridit,
442 2419 567 2469 consulari
581 2421 635 2470 viro
648 2416 715 2470 intra
726 2437 786 2472 suos
797 2430 905 2485 penates
916 2422 1066 2480 interemto,
1077 2419 1135 2467 dolo
1145 2433 1175 2467 ae
1186 2417 1281 2466 fraude
1293 2433 1350 2466 ser-

236 2481 290 2543 vili,
302 2498 378 2547 quam
399 2499 473 2533 neruo
492 2485 638 2548 impedivit,
656 2493 701 2534 aut
720 2486 857 2547 patefecit,
877 2487 940 2534 lieet
957 2485 1069 2534 nondum
1083 2473 1219 2531 labefacto
1237 2484 1350 2531 decreto

236 2554 351 2658 patrum,
371 2564 421 2612 quo
433 2549 540 2598 esitium
561 2550 642 2598 servis
659 2551 775 2601 omnibus
795 2553 983 2600 intentabatur.
1015 2548 1131 2604 statuite
1153 2561 1216 2598 sure
1233 2547 1352 2596 inultum

248 2625 293 2662 ere
311 2611 344 2674 id·
356 2614 451 2662 scelus.
486 2611 522 2662 At
537 2628 618 2676 quem
634 2627 678 2662 sua
690 2615 803 2677 dignitas
815 2616 939 2671 tuebitur,
951 2628 1009 2662 eum
1030 2611 1188 2673 praetectum
1205 2611 1279 2660 urbis
1296 2623 1354 2658 trun

229 2673 350 2737 juverit?
368 2691 443 2740 quem
464 2690 557 2738 agmen
575 2691 707 2726 sertorum
724 2678 858 2739 defendet,
869 2694 927 2727 rum
945 2677 1128 2742 quadringenti
1147 2690 1198 2724 nen
1214 2675 1350 2727 servarint

271 2893 285 2938 1
303 2889 340 2940 Ae
361 2892 525 2942 Bouana—2
543 2893 593 2944 Ms.
606 2891 746 2943 ¹(lorbano
757 2899 894 2944 sumre-3
910 2892 954 2947 Sic
972 2894 1038 2942 Mss.
1049 2893 1091 2942 ed.
1104 2907 1143 2955 pr.
1160 2893 1241 2942 Rhen.
1259 2899 1290 2941 et
1309 2891 1351 2946 se-⁴

234 2963 328 3018 quent.
361 2956 394 3006 In
405 2956 446 3005 etl.
460 2957 566 3006 Puteol.
577 2957 642 3006 seuit
654 2959 716 3007 vitio
728 2973 880 3018 operarum:
898 2957 924 3005 id
944 2967 1030 3006 tamen
1042 2964 1149 3006 tenuere
1169 2958 1227 3005 Riv.
1238 2959 1350 3006 Beroal-

222 3021 286 3076 *dus
299 3019 463 3070 etAleiatus.
497 3023 643 3071 Emere-4
660 3023 703 3071 Sic
720 3023 884 3072 ¹Puteolanus
895 3030 922 3071 et
934 3023 1101 3071 recentiores.
1135 3022 1166 3069 ln
1183 3022 1236 3069 Ms.
1256 3019 1349 3070 Guelf.

236 3090 316 3145 etque.
350 3085 382 3134 ln
395 3087 445 3134 Ms.
458 3087 523 3150 Reg.
535 3094 563 3135 et
575 3087 690 3136 editione
703 3087 833 3150 principe,
851 3093 878 3135 ut
896 3102 972 3148 quern.
1005 3086 1038 3134 In
1057 3087 1108 3134 Ms.
1128 3085 1208 3134 Corb.
1226 3089 1251 3132 et
1269 3100 1348 3146 qaeu.

238 3148 334 3200 Mallet
347 3150 493 3214 Rhenanus,
504 3166 605 3214 ecquem.
637 3152 799 3201 Bautica-tt
817 3151 849 3200 In
864 3153 927 3198 Mss.
940 3149 1027 3200 Guelf.
1039 3150 1095 3200 des.
1106 3151 1144 3198 eel
1153 3149 1190 3196 eoi
1205 3149 1351 3211 proeseetare

242 3211 314 3260 Urbis
326 3227 371 3261 nou
380 3213 481 3276 prefuit.
505 3217 556 3264 Me.
570 3217 636 3278 Reg.
650 3223 678 3265 et
689 3216 771 3265 editio
782 3217 911 3278 princeps,
920 3215 959 3263 eui
971 3214 1095 3273 praefectur
1109 3215 1181 3262 Urbis
1192 3229 1239 3262 noa
1247 3213 1350 3276 prestab,

238 3261 285 3322 ita
297 3282 325 3324 et
337 3277 388 3325 Ma.
401 3278 478 3326 Corb.
492 3279 538 3328 sed
552 3280 643 3328 vitiose
653 3279 681 3328 in
693 3295 723 3329 eo
731 3278 837 3340 defectus
847 3295 895 3344 pro
904 3279 1037 3342 prefectus.
1061 3278 1093 3327 Iu
1104 3279 1169 3327 Mss.
1183 3277 1258 3326 Harl.
1270 3277 1351 3342 Bodt.

740 3447 848 3500 ΝΟΜ

272 3557 284 3590 ²
300 3556 378 3606 mma
388 3559 497 3623 qrrirquid
507 3560 550 3608 iser
561 3561 586 3610 in
596 3562 663 3610 aubis
672 3567 775 3612 uectori-
814 3565 914 3624 integra
932 3570 961 3614 et
979 3562 1087 3625 illibata,
1102 3577 1161 3627 quae
1172 3560 1197 3609 iu
1208 3559 1282 3609 nobis
1299 3567 1350 3626 est,

240 3633 300 3682 tatia
311 3633 356 3696 eat]
373 3635 475 3683 Nande
486 3642 540 3685 toto
550 3645 641 3687 senatu
651 3639 773 3702 loquitur.
813 3640 965 3700 auctoritas,
976 3640 996 3687 si
1009 3637 1147 3702 aliquando
1163 3635 1278 3698 Respub.
1289 3629 1351 3684 nos-⁵

235 3709 302 3772 ›Sed,
320 3711 347 3758 irs
367 3711 441 3772 nobis,
458 3711 475 3760 i.
487 3726 511 3761 e.
528 3713 555 3760 in
575 3728 625 3763 me.
656 3715 774 3765 Pisitana.
815 3716 862 3764 tris
873 3717 985 3767 consiliis
996 3719 1095 3777 egeret.

236 3779 327 3855 Dese
344 3785 459 3850 loquitur
478 3787 650 3851 Cassius,non
665 3789 698 3838 de
716 3791 773 3839 aliis
846 3799 856 3823 ⁰
876 3789 1010 3851 Decernite]
1038 3789 1104 3838 Haec
1125 3785 1267 3836 nectuntur
1288 3775 1349 3834 cum'

241 3859 368 3925 patribus.
814 3859 1030 3914 antecedentrbus
1059 3869 1086 3911 et
1113 3859 1349 3928 consequentibus:¹

242 3947 246 3956 “
275 3938 306 3986 Iu
317 3939 393 4002 nobb]
409 3939 449 3987 De
461 3953 488 3988 se
504 3939 560 4002 ipso
579 3941 701 4006 iutelligit
713 3941 774 3990 Cas·
815 3942 888 4005 quasi
898 3941 1006 4001 dir-eret,
1014 3939 1156 4002 Postquam
1167 3938 1252 3986 nullus
1261 3929 1349 4008 servos

240 4012 300 4065 sius.
345 4013 451 4078 Alioqui
480 4016 560 4064 tacite
587 4017 775 4080 perstringeret
814 4032 870 4065 rum
891 4017 1091 4079 probibuit,aut
1110 4013 1228 4076 prodidit
1244 4010 1349 4058 insidias

236 4089 394 4154 principem,
406 4091 449 4153 qui
469 4098 574 4154 patrum
592 4092 774 4142 auctoritatem
814 4093 934 4141 invirum
952 4093 1122 4151 consularem,
1133 4104 1191 4138 cum
1202 4088 1346 4152 etiamtum

145 4203 156 4216 .
237 4161 413 4216 imminueret.
814 4170 968 4217 subsisteret
1000 4167 1248 4216 senatusconsultum
1288 4163 1349 4222 boc,

267 4237 285 4298 ⁴.
306 4240 340 4288 Ut
351 4244 597 4311 muuerdiutegrren]
614 4244 777 4295 Utnraneret
815 4240 887 4309 qood
903 4237 1012 4295 esitium
1022 4241 1072 4292 toti
1087 4239 1194 4290 familia
1212 4237 1347 4313 minitabas
