2984 4850
216 346 351 413 uem]
556 344 763 429 iuuentute
788 347 861 397 nra.
885 348 950 397 xv.
1139 310 1140 313 ¹
1234 336 1324 405 ult?

209 486 295 557 lam
320 484 431 573 opes,b
457 490 511 553 tot
534 488 697 566 victoriis?
722 490 888 572 quaesitae,
914 494 947 557 et
975 490 1172 575 Grreearum
1200 493 1323 561 mtiunr

215 588 363 667 decora,‘¹
371 590 452 655 exin
463 594 673 655 monumenta
683 592 900 673 ingeniorum
913 594 1049 677 antiqua
1058 600 1093 657 et
1101 594 1320 678 ineorruptu,¹.

214 675 382 780 qneiinvis,
408 692 443 755 in
469 698 563 756 tante
590 693 787 806 resurgentis
813 693 905 761 urbis
932 693 1186 776 pulebritudine,
1215 696 1322 767 multa

215 796 363 859 seniores
377 796 602 889 meminerint,³
626 814 702 877 qnae
726 778 873 877 reparari
889 796 1083 879 nequibunt.
1129 796 1247 887 Fuere,
1265 799 1322 885 qni

212 958 290 1009 ame
322 961 383 1009 lm
391 963 528 1009 emmeno
549 962 587 1008 tot
608 958 734 1022 triumphis
745 942 832 1022 'pote
849 965 876 1009 et
894 962 1035 1011 mamea
1052 962 1140 1011 oniam
1155 962 1255 1025 delieiae,
1266 964 1322 1013 dein

212 1024 363 1084 ingeniorum
372 1030 522 1075 ammento
529 1023 617 1085 priua,
628 1029 653 1073 et
661 1024 753 1073 intaeta
764 1024 898 1087 hactenus,
908 1027 964 1075 lieet
983 1028 1010 1075 iu
1025 1032 1094 1076 tuate
1111 1028 1257 1076 remouit
1263 1028 1323 1077 eiai-

214 1088 277 1139 tata
285 1088 470 1154 metalla,
480 1090 555 1139 mlta
565 1088 645 1147 suine
660 1088 843 1137 roeordeberter
861 1091 1008 1154 retutioroe,
1019 1106 1072 1154 que
1090 1093 1187 1141 nstitui
1202 1108 1248 1142 nen
1256 1097 1324 1155 pete·

246 1299 263 1344 2
278 1296 388 1359 Bipont.
410 1302 505 1359 putant
523 1297 578 1359 igue
589 1302 757 1359 corrupte—3
775 1298 934 1345 Meminerant
947 1297 1102 1359 Gronovius,
1113 1304 1140 1347 et
1158 1297 1283 1360 Ryelrius,
1295 1303 1323 1347 et

213 1359 348 1409 Brotieros
358 1375 419 1410 eum
430 1362 554 1410 Homero.
587 1362 618 1411 Iu
630 1362 694 1410 Mus.
712 1369 741 1411 et
758 1362 890 1411 veteribus
907 1361 1073 1427 editionibus,
1088 1362 1248 1431 meminerint,
1258 1364 1318 1427 quia

213 1424 264 1473 lroe
277 1424 380 1474 verbum
392 1424 425 1474 ad
436 1425 540 1488 quamuis
550 1422 708 1479 referebant.
742 1424 895 1475 Praeferuut
904 1431 933 1474 et
946 1425 1051 1489 Bipuot.

717 1571 824 1622 NOTAE
845 1582 848 1587 '

245 1670 273 1719 si
291 1669 382 1719 eadem
400 1670 457 1719 haec
476 1677 536 1719 sunt
556 1684 614 1719 eum
633 1670 745 1719 vetustis
818 1666 1090 1719 dGraecamma'rttum
1100 1668 1196 1732 decoro]
1213 1670 1323 1731 Statuae,
1416 1718 1418 1722 ,

212 1747 274 1809 illis,
284 1753 358 1796 certe
376 1746 420 1795 illa
437 1746 575 1795 simulacra
586 1746 673 1807 magui
688 1760 745 1808 pre·
786 1751 813 1793 et
824 1745 919 1793 tabulae
932 1760 1084 1809 magnorum
1096 1745 1235 1795 artificum.
1265 1744 1340 1811 lap·

212 1823 251 1873 tii.
269 1824 343 1880 Suet.
364 1824 427 1873 Ner.
444 1826 487 1872 32.
503 1823 623 1871 ‘Ultimo
641 1822 745 1884 templis
785 1822 847 1870 siae.

211 1898 386 1961 compluribus
396 1898 464 1947 dona
474 1898 601 1959 detraxit,
609 1898 746 1945 simulacra
818 1903 829 1929 e
846 1897 1000 1945 Monumeutu
1011 1893 1171 1957 ingmiomm]
1197 1893 1269 1943 Libri
1281 1906 1323 1943 re·

211 1988 245 2022 ex
258 1988 330 2035 auro,
350 1976 392 2022 vel
412 1981 521 2037 argento
540 1973 665 2023 fabricata
684 1988 745 2023 eou-
787 1977 871 2021 terum
892 1972 982 2035 scripti
994 1971 1069 2019 multi
1087 1971 1119 2019 ab
1131 1970 1194 2033 ipsiu
1212 1970 1323 2019 auetori-

210 2048 300 2101 flavit:
313 2051 386 2099 iubis
403 2052 540 2100 Penatium
551 2052 678 2115 Deorum,
686 2066 744 2115 quae
786 2047 843 2110 bus,
854 2050 897 2111 qni
910 2047 936 2094 in
948 2046 1058 2110 privetis
1073 2053 1117 2096 aut
1136 2046 1249 2109 publicis
1260 2046 1323 2095 Bib-

210 2137 271 2176 mox
284 2125 369 2176 Galba
382 2127 514 2177 restituit?
786 2125 914 2188 liothecis,
926 2126 1070 2189 perierunt.
1089 2124 1112 2175 O
1120 2124 1217 2188 justam
1232 2138 1324 2188 quere·

244 2200 316 2250 Puto
327 2216 358 2250 ea
367 2202 504 2253 simulacra
522 2202 609 2253 ablata
627 2203 745 2266 Templo,
784 2208 846 2269 lani,
856 2212 885 2257 et
894 2206 914 2255 si
929 2212 999 2268 tune,
1012 2205 1075 2270 quid
1095 2220 1162 2255 nuuc
1180 2211 1241 2268 port
1258 2205 1322 2255 Bar·

209 2291 270 2325 eum
292 2277 407 2338 arderet,
427 2294 484 2342 quie
507 2286 600 2341 postea
622 2276 745 2328 conflavit
785 2282 974 2331 berosdieam?
1002 2282 1068 2332 Jure
1085 2280 1229 2329 bborunm
1246 2280 1324 2328 inre·

210 2352 293 2412 Nero,
305 2354 346 2401 vel
357 2352 425 2401 forte
441 2368 476 2402 ex
494 2354 603 2402 delubro
614 2354 744 2401 Penetnm
784 2358 933 2407 stituendis.
966 2356 1072 2418 {Aptius-

210 2427 337 2478 detractae
349 2429 399 2478 illae
418 2431 543 2494 imagines
555 2446 571 2479 a
582 2431 697 2492 Nerone,
707 2429 745 2477 in·
817 2435 972 2482 Monumenta
987 2431 1147 2496 ingeniorum]
1164 2430 1281 2480 Plurima
1298 2445 1323 2480 e·

210 2514 253 2555 ter
264 2508 314 2556 alie
327 2509 471 2571 sacrilegia,
479 2515 509 2557 nt
518 2523 549 2558 ea
557 2507 744 2558 conflarentur.
785 2518 844 2562 runt
857 2513 920 2562 teliu
937 2515 1104 2560 monumenta
1122 2509 1283 2572 ingeniorum
1294 2513 1322 2558 et

243 2589 255 2614 ⁸
273 2584 378 2646 nemu]
396 2587 505 2634 Sueten,
515 2586 580 2636 Ner.
592 2589 632 2634 ³8.
655 2584 745 2633 ‘Deo-
786 2591 880 2639 artium
892 2603 950 2652 quae
972 2585 1161 2650 reparabantur
1173 2586 1198 2634 iu
1211 2600 1242 2634 ea
1254 2597 1323 2649 mag·

209 2674 318 2724 rumque
340 2661 409 2729 redes
426 2661 460 2710 ab
479 2662 593 2724 regibus,
608 2677 640 2712 ao
651 2661 746 2710 deinde
786 2663 922 2725 utfieeuu'a
931 2663 1090 2712 renascentis
1102 2661 1186 2711 urbis:
1201 2660 1247 2710 sed
1257 2663 1322 2714 niul·

210 2737 319 2786 Punicis
336 2752 367 2786 ae
385 2737 493 2786 Gallicis
506 2737 581 2786 bellis
594 2743 661 2786 votae
673 2737 745 2786 dedi·
786 2747 814 2790 ta
826 2739 929 2789 fuerant
942 2741 1049 2801 antiqua
1064 2745 1090 2787 et
1102 2739 1227 2787 hactenus
1238 2735 1322 2786 incop-

209 2818 340 2876 eatueqne,
362 2821 390 2860 et
408 2813 530 2877 quicquid
553 2812 686 2862 uisendum
711 2829 744 2863 ex
785 2821 861 2878 rupta
877 2823 1052 2877 monumenta,
1064 2829 1121 2878 quae
1133 2815 1161 2862 in
1179 2819 1253 2862 tanta
1265 2815 1322 2876 pul·

209 2887 368 2950 antiquitate
380 2889 535 2938 durraverat!
778 2886 931 2940 ‘chritudine
952 2889 1112 2954 resurgentis
1130 2889 1214 2948 urbis,
1236 2895 1322 2938 tamen

243 2962 254 2995 ¹²
272 2965 345 3028 Opes]
362 2965 464 3026 Nempe
473 2965 580 3014 donaria
591 2965 651 3014 Diis
660 2981 744 3015 sacra·
781 2977 833 3016 uec
843 2966 953 3030 reperiri
965 2971 1011 3016 aut
1022 2965 1126 3014 restitui
1139 2970 1273 3027 poterent.

210 3044 248 3098 la,
258 3046 304 3089 aut
316 3050 466 3091 ornamenta
476 3042 580 3105 templis
594 3042 691 3107 dicata,
702 3057 744 3091 ue·
816 3040 852 3092 Et
879 3042 969 3090 borum
997 3039 1169 3088 meminerant
1195 3041 1320 3102 seniores,

209 3117 250 3166 lut
260 3118 286 3166 in
298 3118 406 3179 gratiam
418 3125 458 3166 tot
469 3119 646 3168 victoriarum.
785 3132 868 3182 eaque
888 3122 1012 3178 corrupte
1030 3114 1172 3178 emisseque
1192 3112 1322 3164 desidera·

242 3200 253 3225 ⁰
273 3195 317 3242 l'ot
333 3193 453 3256 vietor-iis]
471 3196 511 3244 Ex
528 3197 644 3246 victoriis
656 3196 745 3259 gloriae
785 3197 847 3246 baut
858 3211 889 3245 ae
901 3192 1033 3244 deflebant
1049 3193 1119 3242 inter
1131 3192 1265 3244 immensas
1277 3208 1321 3244 eas

208 3270 433 3334 insignia,opibos
446 3272 551 3337 majora,
565 3278 621 3322 tum
633 3274 745 3336 periere.
786 3287 858 3335 opes,
878 3270 970 3335 quibus
993 3270 1084 3320 civitae
1113 3276 1143 3322 ut
1165 3269 1322 3330 abundaret,

209 3346 281 3395 Plio.
298 3359 387 3396 xxxv.
405 3351 430 3396 2.
447 3346 534 3396 ‘Aliae
552 3347 615 3400 foris
632 3356 661 3400 et
672 3351 743 3401 eirca
782 3350 971 3414 pretiosiusque
992 3349 1075 3398 aleret
1091 3347 1221 3412 incendit,
1232 3347 1318 3402 totum

209 3420 299 3470 limina
311 3421 452 3490 enimenim
461 3423 606 3486 ingentium
616 3424 743 3489 imagines
783 3427 873 3478 orbem
879 3426 1045 3490 spoliaverat.
1058 3425 1120 3474 Seil.
1129 3425 1224 3474 tabulae
1234 3425 1324 3488 pictur

209 3506 294 3557 erent,
303 3495 386 3548 affixis
397 3498 505 3548 bostium
517 3500 682 3564 spoliis,quae
694 3516 743 3550 nee
783 3509 876 3552 statuae
888 3502 980 3564 unice,
991 3508 1019 3550 et
1031 3501 1082 3552 alia
1093 3501 1322 3556 celeberrimorum

209 3574 305 3622 emtori
322 3572 464 3638 refringere
476 3575 585 3635 liceret;
603 3577 744 3640 triumpha·
783 3577 944 3640 ingeniorum
962 3591 1051 3640 opera,
1062 3591 1170 3640 quorum
1181 3591 1233 3625 non
1248 3582 1322 3626 exta·

209 3649 424 3714 luantque,etiam
436 3651 546 3700 dominis
557 3653 743 3714 mutatie,ipsae
784 3651 830 3700 bat
841 3652 986 3714 exemplar,
999 3649 1170 3716 deflebantur,
1181 3659 1211 3702 ut
1222 3651 1248 3700 in
1260 3667 1320 3716 per·

208 3724 344 3787 domus,et
356 3733 414 3776 erat
425 3727 481 3776 lraee
493 3727 633 3778 stimulatio
644 3728 745 3792 iugens,
786 3735 893 3791 petunur
907 3727 1096 3790 irreparabilia.

209 3802 430 3864 exprobrantibus
455 3803 540 3865 tectis,
560 3803 677 3867 quotidie
699 3803 745 3851 im·
818 3805 972 3854 Monumente
982 3801 1140 3864 ingeniorum]
1151 3799 1231 3862 Libri,
1243 3800 1328 3859 tabu„

208 3878 305 3930 bellem
327 3879 458 3929 dominum
473 3879 571 3930 intrare
589 3879 615 3928 in
631 3881 744 3929 alienum
783 3880 817 3930 lae
840 3880 929 3944 pictae,
949 3886 1054 3941 statuae,
1073 3885 1101 3928 et
1122 3876 1172 3928 eliu
1188 3877 1317 3939 ejusmodi

210 3953 743 4017 triumphum:Etnxvr.1o.‘1³rmec-
785 3957 936 4007 Graecarum
957 3955 1051 4006 artium
1069 3955 1163 4002 decore
1181 3958 1209 4000 et
1229 3967 1320 4006 mouu—

209 4035 238 4080 to
254 4030 376 4083 incendia
395 4031 507 4092 puniunt
522 4032 625 4081 luxum:
644 4045 692 4080 nec
705 4038 743 4080 ta-
784 4041 872 4084 ruente
881 4033 1042 4096 ingeniorum
1054 4030 1144 4080 eedem
1156 4033 1225 4078 sunt.
1257 4029 1319 4080 Nisi

208 4119 271 4158 men
288 4106 359 4156 cilici
379 4112 477 4168 potest,
497 4112 526 4156 ut
543 4121 628 4156 rueres
645 4106 743 4172 eliquid
784 4109 854 4160 forte
875 4109 1018 4171 distinguat
1039 4106 1109 4156 inter
1128 4103 1226 4152 Groeoes
1246 4109 1320 4168 emta,

209 4182 312 4234 bomine
322 4183 457 4234 mortalius
467 4181 632 4246 intellissaub’
785 4199 842 4251 qua
854 4185 915 4248 aiut,
928 4196 1031 4246 nempe,
1042 4194 1123 4250 opera
1134 4177 1213 4242 attin
1230 4187 1260 4232 et
1271 4197 1320 4248 per
