2984 4850
586 220 613 293 i*

235 329 324 397 1994
526 271 626 427 (ἑο.
649 341 834 393 conunnu
858 340 988 391 asciri
1172 334 1267 415 [Αζυ.
1278 354 1336 401 ⁸19,

536 431 558 462 Ἰ
849 450 855 461 .

235 494 346 553 cetera
358 488 473 570 palam
487 505 574 551 vana
591 486 782 569 objecisset,
806 486 985 567 adjungere
1009 485 1166 563 crimen,w
1189 493 1239 551 ut³
1264 508 1339 553 sese

236 590 358 671 pariter
376 588 519 652 indicem
535 592 568 651 et
584 554 707 651 *testem
723 587 866 653 lacent?
910 585 1039 669 Adjicit
1064 587 1161 651 dictis
1184 594 1339 653 constan-

236 689 339 753 tiam:
362 688 510 759 incusat⁴
523 688 608 751 ultro
633 689 877 752 ‘intestabilem
892 696 925 753 et
947 688 1226 767 consceleratum:
1245 695 1340 753 tanta

234 789 333 853 voc-is
347 808 387 853 ac
401 790 513 853 uuus
538 790 727 865 securitate,
752 795 789 853 ut
809 792 936 855 labaret
958 788 1129 866 indicium,
1156 790 1221 853 uisi
1246 788 1339 853 Mili-

236 888 335 952 chum
354 909 442 953 uxor
466 890 703 966 admonuisset,
730 888 937 957 ‘Antonium
954 890 1110 954 Natalem
1133 892 1239 955 multa
1261 910 1337 954 cum

133 1066 137 1071 ,
237 990 382 1055 Saevino
405 996 597 1055 acsecreto⁵
622 990 850 1068 collocutum,¹
873 999 907 1056 et
920 1010 995 1055 esse
1009 990 1168 1073 utrosque
1183 990 1224 1057 G.
1240 990 1340 1055 Piso·

236 1092 288 1155 nis
303 1091 461 1156 intimos?
942 1106 945 1123 ⁴
1107 1099 1113 1109 '

280 1192 335 1256 56.
358 1192 446 1274 Ergo
459 1192 594 1255 accitur¹
608 1190 758 1259 Natalis:
773 1198 806 1257 at
816 1192 938 1255 diversi
947 1192 1213 1271 interrogantur,²
1228 1192 1341 1273 ‘quis-

235 1312 314 1357 nam
334 1294 365 1357 is
389 1313 508 1371 sermo,
532 1313 601 1376 qua
623 1293 675 1366 de¹
690 1314 725 1357 re
744 1292 902 1360 ,suisseti'
924 1301 1012 1357 cum³
1039 1298 1155 1355 exone
1179 1291 1340 1374 suspicio,

237 1396 318 1477 quia
332 1415 398 1458 nou
424 1398 635 1474 congruentia
650 1396 904 1477 responderant:
929 1394 1096 1475 inditaque
1117 1394 1236 1456 vincla.
1283 1392 1342 1457 Et*

235 1500 467 1559 tormentorum
488 1502 662 1576 aspectum
676 1514 717 1559 ac
739 1497 845 1559 minas
869 1514 935 1559 non
950 1496 1065 1557 tulere.
1110 1494 1207 1557 Prior
1229 1500 1340 1557 tamon

236 1594 382 1672 Natalis,
399 1597 500 1659 totius
514 1597 780 1678 conspirationis5
794 1597 902 1677 magis
916 1592 1065 1675 gnaru8,⁶
1090 1594 1189 1656 simul
1203 1612 1340 1675 arguen-

194 1782 204 1795 .
237 1750 284 1800 sed
302 1750 422 1812 libertum,
444 1750 504 1814 qnia
519 1758 608 1800 cetera
619 1750 756 1801 evidenter
767 1751 835 1801 falsa
848 1752 1042 1815 objectavisset,
1059 1750 1173 1813 adjicere
1185 1750 1295 1811 crimen,
1311 1753 1340 1797 nt

238 1815 312 1863 simul
325 1814 418 1863 indicis
429 1823 456 1863 et
469 1816 543 1863 testis
555 1823 641 1878 partes
654 1823 754 1877 ageret.
786 1817 863 1865 Addit
878 1816 956 1864 verbm
970 1817 1120 1863 securitatem
1131 1813 1221 1861 enimi.-
1237 1813 1343 1875 increpet

236 1880 300 1927 altro
311 1893 423 1940 servum,
441 1886 471 1927 ut
483 1882 637 1929 scelerosum
652 1886 681 1928 ct
694 1880 876 1941 execrabilem,
892 1885 962 1928 tereto
979 1879 1040 1927 cocis
1052 1877 1187 1939 frontisque
1202 1876 1343 1937 mestis,

237 1947 266 1992 ut
275 1944 363 1991 deletio
373 1948 479 2002 amora,
493 1944 540 1992 nisi
551 1945 637 2005 conjux
647 1944 775 1992 Milichum
789 1944 915 2004 docuisset,
934 1942 1076 1991 Antonium
1090 1941 1220 2001 Natalem,
1237 1942 1343 2002 longum

235 2007 316 2117 pridie
326 2021 499 2117 agappmqpe
510 2022 653 2056 sermonem
671 2008 790 2056 habuisse
802 2022 859 2057 cum
876 2008 996 2069 Scevino,
1012 2014 1039 2055 et
1051 2012 1188 2068 utrumque
1200 2018 1259 2053 esse
1270 2002 1344 2053 farni-

248 2084 329 2118 larem
365 2104 371 2117 .
409 2084 495 2119 moult.

272 2134 354 2193 Igitur
363 2134 489 2182 meereitm
498 2139 539 2183 est
555 2134 664 2182 Natalia:
681 2140 705 2182 et
716 2135 812 2183 moram
829 2140 925 2197 uterque
936 2135 1123 2195 interrogentur,
1138 2130 1267 2195 quodnam
1279 2129 1343 2181 illud

239 2198 405 2261 colloquium,
415 2205 443 2245 et
456 2198 490 2245 de
502 2212 552 2261 quo
562 2199 669 2261 negotio
678 2197 787 2247 fuisset?
823 2200 889 2247 Turre
904 2203 973 2247 cnuto
984 2205 1026 2246 est
1035 2196 1144 2259 asspicio,
1160 2195 1215 2257 ostie
1233 2194 1344 2245 invicem

237 2261 358 2310 contrarie
369 2264 549 2324 responderent:
566 2262 697 2324 injectaque
708 2262 758 2311 illis
767 2263 870 2312 simle.
905 2264 939 2311 Et
948 2261 1095 2310 mettim
1103 2264 1222 2323 aspectum
1233 2274 1261 2307 ue
1272 2263 1345 2307 terro·

238 2339 289 2373 reor
297 2340 343 2373 noa
353 2328 490 2375 toleravere.
523 2325 638 2375 Attamen
649 2327 748 2375 Natalia
765 2326 841 2389 prior,
852 2326 894 2389 qui
904 2326 1038 2375 enimcum
1048 2324 1232 2384 caussationem
1240 2323 1347 2385 pesistat

702 2449 880 2470 ”canneru
937 2461 942 2472 ,

239 2514 356 2579 diffideret
372 2517 436 2564 esim
452 2517 536 2576 vitem,
555 2516 702 2579 repetitise
721 2516 790 2563 linea
808 2515 950 2579 superiore,
967 2515 1083 2580 diffideret
1101 2513 1172 2562 mitre
1197 2511 1347 2560 Brotier.-

240 2583 256 2626 3
274 2579 341 2627 Hac
360 2580 438 2628 lectio
451 2595 467 2627 a
477 2579 593 2628 Picbeua
605 2581 632 2627 in
649 2585 802 2628 contextum
817 2587 939 2640 assumta,
957 2587 1079 2642 tanquam
1091 2577 1123 2626 ab
1135 2576 1240 2640 ingenio
1252 2575 1346 2624 liodol-

240 2642 284 2704 pbi
296 2641 427 2703 Agricolae
448 2641 578 2704 profecta,
598 2657 692 2692 revera
703 2644 759 2707 eJus
771 2643 843 2690 Meto
855 2642 981 2704 debetur;
997 2641 1064 2706 quod
1077 2641 1099 2689 si
1110 2641 1229 2689 scivisset
1239 2640 1267 2690 J.
1279 2639 1345 2688 (iro

239 2703 332 2751 novius
343 2718 394 2752 non
409 2706 551 2766 praeposuit
562 2705 586 2752 ei
603 2705 717 2755 Acidalii
729 2707 922 2768 conjecturam:
940 2707 1068 2768 obtegere
1078 2705 1167 2754 crimen
1175 2703 1241 2764 ttjjes
1251 2717 1276 2752 se
1283 2705 1347 2766 pori·

239 2772 288 2826 ter,
304 2769 345 2828 lje.
374 2768 497 2830 Ryclrius.
542 2767 594 2816 Sed
611 2770 676 2819 banc
696 2771 832 2818 lectionem
852 2771 964 2820 Brotier.
984 2769 1089 2832 recipit,
1109 2775 1136 2816 at
1155 2769 1191 2816 ita
1210 2765 1347 2816 defendit:

240 2832 248 2858 ‘
262 2831 336 2880 Bene
350 2829 485 2878 Acidaliae
497 2838 524 2879 et
536 2832 647 2894 Lipsius.
683 2833 713 2881 ln
725 2833 791 2885 Mas.
805 2835 844 2882 Re
864 2871 870 2884 .
888 2835 966 2886 Corb.
978 2834 1077 2894 jussisse
1086 2834 1191 2894 puriter.
1201 2865 1222 2880 ..
1231 2865 1237 2880 .
1244 2830 1348 2891 feceret.

240 2894 295 2943 Pro
307 2895 406 2954 jussisse
415 2894 442 2942 iu
453 2896 506 2944 Ms.
518 2896 587 2943 Flor.
599 2897 623 2952 l,-
638 2896 704 2945 aiaee.
737 2898 788 2946 Ms.
800 2849 867 2947 sud.
878 2899 974 2947 vicima.
1007 2898 1096 2946 Editio
1108 2897 1239 2959 princeps,
1249 2895 1346 2943 dixisse.

239 2959 272 3008 In
293 2960 358 3009 Mes.
378 2959 455 3007 Bodl.
475 2960 530 3008 dea.
548 2958 637 3008 Guelt'.
648 2966 676 3008 et
687 2961 857 3022 Puteolanus,
876 2963 1006 3022 adjungere
1016 2961 1104 3009 emmor
1114 2959 1205 3007 worn:
1221 2959 1347 3020 repar-iter

239 3023 385 3082 ....seeere.
418 3023 463 3072 Sic
476 3038 578 3086 quoque
588 3024 639 3072 Ms.
652 3023 726 3072 Harl.
741 3025 823 3084 prima
834 3039 923 3074 manu:
941 3027 1023 3072 altera
1032 3024 1206 3084 emendatum,
1216 3022 1238 3070 et
1248 3037 1274 3070 re
1282 3024 1347 3084 pci-

239 3093 278 3136 ter
287 3122 292 3135 .
302 3086 454 3146 ...feceret'
486 3088 529 3134 Sic
538 3087 651 3136 Brotier.
685 3088 726 3136 Ex
736 3089 847 3136 lectione
862 3087 931 3136 Bud.
943 3089 1082 3138 Rhenanus
1093 3086 1250 3150 conjiciebat
1260 3086 1348 3148 legen·

241 3151 303 3198 dum
314 3155 396 3198 nixum
407 3165 432 3199 se
441 3153 543 3214 puriter,
558 3153 648 3212 ᾅο.-4
666 3151 717 3200 Ms.
730 3151 808 3200 Corb.
827 3157 979 3202 «comt-e
996 3152 1039 3200 Sic
1050 3151 1217 3200 Puteolanus.
1234 3149 1348 3200 Brotier.

241 3228 308 3325 {iim}
318 3215 443 3274 Homero,
463 3228 497 3262 ex
509 3215 574 3262 Mss.
589 3215 657 3264 Flor.
677 3215 752 3264 Bodl.
765 3217 821 3266 Jes.
833 3213 922 3264 Guelf.
933 3222 960 3264 et
972 3215 1021 3264 Ed.
1033 3228 1073 3278 pr.
1084 3231 1112 3263 oe
1121 3219 1220 3262 secrete.
1253 3213 1284 3262 ln
1296 3213 1346 3261 bis.

271 3282 456 3325 ar.etsecreto.

273 3345 287 3388 l
307 3340 349 3389 lta
360 3341 424 3394 Mea,
434 3340 495 3388 edd.
508 3346 573 3389 vett.
581 3347 609 3388 et
620 3341 787 3392 recentiores.
806 3342 1107 3404 necennensium—2
1124 3341 1175 3389 Ms.
1184 3339 1263 3389 Corb.
1274 3340 1351 3390 iater-

240 3403 445 3464 recimere-a
463 3405 577 3453 Bodens.
593 3409 703 3455 tem-4
719 3407 771 3455 Ma.
779 3405 842 3469 Agr.
853 3409 950 3457 aed-b
968 3406 1072 3470 Lipsius
1082 3404 1261 3466 conjurationis,
1273 3405 1349 3454 etsie

242 3468 359 3518 Gronov.
379 3477 407 3516 et
418 3470 502 3530 Ryclr.
514 3477 541 3517 et
554 3470 668 3518 Brotier.
702 3470 739 3518 At
751 3471 821 3519 Flor.
837 3471 991 3522 lindenaet
1007 3469 1066 3518 edd.
1079 3475 1144 3520 vett.
1159 3468 1348 3532 mopscrenis

743 3600 848 3649 NOTAE

241 3697 288 3741 snt
298 3698 370 3740 certe
381 3697 496 3740 metuere
507 3693 654 3742 simulabat.
814 3697 947 3746 Saevinm.
981 3698 1113 3748 Quantum
1132 3700 1219 3746 nmen
1230 3698 1307 3757 patet
1315 3707 1348 3744 ex

275 3775 292 3798 *¹
316 3766 423 3828 Crimen]
450 3767 504 3816 Alii
524 3770 625 3831 legunt:
644 3769 775 3830 magere
815 3773 966 3821 narratione
974 3757 1068 3832 Taciti,
1083 3771 1125 3819 bic
1141 3784 1226 3819 sermo
1243 3769 1346 3820 babitus

242 3843 464 3903 erimeoeujmaeae
478 3843 681 3906 puriterindicem
695 3851 775 3894 etten-
814 3847 840 3895 in
851 3849 955 3898 Saevini
966 3846 1110 3910 penatibus.
1142 3846 1195 3895 Sed
1205 3852 1265 3909 port
1276 3845 1346 3894 illum

243 3917 397 3976 temfoeeret.
816 3937 971 3984 sermonem,
980 3921 1049 3970 forte
1061 3921 1126 3970 exiit
1135 3921 1273 3982 Scevinm,
1288 3918 1347 3969 dein

276 4003 289 4027 ¹
307 3997 367 4061 Gom
377 3994 475 4045 Seevim
485 4011 513 4044 oe
525 4001 613 4046 acerem
628 3997 776 4059 collocutum]
814 4013 935 4060 regressus
952 4000 1055 4058 domurn,
1072 3992 1113 4059 lje.
1132 3995 1203 4060 quod
1222 4009 1276 4052 non
1286 3994 1347 4049 tetis

244 4070 322 4120 Unde
339 4070 432 4120 didicit
447 4071 496 4120 hoc
514 4086 589 4121 serra
600 4087 631 4120 ca
651 4071 777 4130 foemiuai,
816 4074 885 4126 clare
897 4073 1051 4140 exprimitur
1060 4071 1164 4126 Tacita

245 4145 295 4194 nisi
319 4144 388 4196 forte
408 4146 436 4196 id
458 4161 544 4198 coram
565 4148 776 4212 conjectarit
