<?xml version="1.0" encoding="UTF-8"?>
<!DOCTYPE html PUBLIC "-//W3C//DTD XHTML 1.0 Transitional//EN"
    "http://www.w3.org/TR/xhtml1/DTD/xhtml1-transitional.dtd">
<html xmlns="http://www.w3.org/1999/xhtml" xml:lang="en" lang="en">
 <head>
  <title>
</title>
<meta http-equiv="Content-Type" content="text/html;charset=utf-8" />
  <meta name='ocr-system' content='tesseract 3.04.00' />
  <meta name='ocr-capabilities' content='ocr_page ocr_carea ocr_par ocr_line ocrx_word'/>
</head>
<body>
  <div class='ocr_page' id='page_1' title='image "./ccorneliitaciti03unkngoog_0139.png"; bbox 0 0 2984 4850; ppageno 0'>
   <div class='ocr_carea' id='block_1_1' title="bbox 142 370 1256 472">
    <p class='ocr_par' dir='ltr' id='par_1_1' title="bbox 142 370 1256 472">
     <span class='ocr_line' id='line_1_1' title="bbox 142 370 1256 472; baseline -0.013 -17"><span class='ocrx_word' id='word_1_1' title='bbox 142 398 277 464; x_wconf 56' lang='lat' dir='ltr'><strong>acea}</strong></span> <span class='ocrx_word' id='word_1_2' title='bbox 492 391 697 444; x_wconf 75' lang='lat' dir='ltr'><strong>susurrum</strong></span> <span class='ocrx_word' id='word_1_3' title='bbox 722 370 796 472; x_wconf 78' lang='lat' dir='ltr'><strong>arn.</strong></span> <span class='ocrx_word' id='word_1_4' title='bbox 819 391 901 440; x_wconf 77' lang='lat' dir='ltr'><strong>xrs.</strong></span> <span class='ocrx_word' id='word_1_5' title='bbox 1168 375 1256 441; x_wconf 73' lang='lat'>1755</span> 
     </span>
    </p>
   </div>
   <div class='ocr_carea' id='block_1_2' title="bbox 70 533 1290 1032">
    <p class='ocr_par' dir='ltr' id='par_1_2' title="bbox 144 533 1290 825">
     <span class='ocr_line' id='line_1_2' title="bbox 144 533 1255 626; baseline -0.009 -20"><span class='ocrx_word' id='word_1_6' title='bbox 144 561 242 626; x_wconf 88' lang='lat' dir='ltr'><strong>opem</strong></span> <span class='ocrx_word' id='word_1_7' title='bbox 258 538 368 618; x_wconf 84' lang='lat' dir='ltr'><strong>seret,⁶</strong></span> <span class='ocrx_word' id='word_1_8' title='bbox 383 559 460 623; x_wconf 89' lang='lat' dir='ltr'><strong>quae</strong></span> <span class='ocrx_word' id='word_1_9' title='bbox 474 558 514 602; x_wconf 87' lang='lat' dir='ltr'><strong>ne</strong></span> <span class='ocrx_word' id='word_1_10' title='bbox 528 539 575 602; x_wconf 83' lang='grc' dir='ltr'><strong>ἰιι7</strong></span> <span class='ocrx_word' id='word_1_11' title='bbox 597 537 702 603; x_wconf 70' lang='lat' dir='ltr'><strong>metu‘¹</strong></span> <span class='ocrx_word' id='word_1_12' title='bbox 723 537 857 620; x_wconf 89' lang='lat' dir='ltr'><strong>quidem</strong></span> <span class='ocrx_word' id='word_1_13' title='bbox 873 533 1023 620; x_wconf 85' lang='lat' dir='ltr'><strong>pericula</strong></span> <span class='ocrx_word' id='word_1_14' title='bbox 1035 538 1149 598; x_wconf 83' lang='lat' dir='ltr'><strong>nostra</strong></span> <span class='ocrx_word' id='word_1_15' title='bbox 1161 553 1255 598; x_wconf 86' lang='lat' dir='ltr'><strong>aver-</strong></span> 
     </span>
     <span class='ocr_line' id='line_1_3' title="bbox 146 635 1290 724; baseline -0.011 -14"><span class='ocrx_word' id='word_1_16' title='bbox 146 643 252 710; x_wconf 65' lang='lat' dir='ltr'><strong>titii·</strong></span> <span class='ocrx_word' id='word_1_17' title='bbox 297 641 381 720; x_wconf 86' lang='grc' dir='ltr'><strong>Αιι,9</strong></span> <span class='ocrx_word' id='word_1_18' title='bbox 411 647 447 705; x_wconf 91' lang='lat' dir='ltr'><strong>ut</strong></span> <span class='ocrx_word' id='word_1_19' title='bbox 476 641 614 724; x_wconf 86' lang='lat' dir='ltr'><strong>quidam</strong></span> <span class='ocrx_word' id='word_1_20' title='bbox 643 640 764 722; x_wconf 87' lang='lat' dir='ltr'><strong>fingere</strong></span> <span class='ocrx_word' id='word_1_21' title='bbox 792 658 859 702; x_wconf 90' lang='lat' dir='ltr'><strong>non</strong></span> <span class='ocrx_word' id='word_1_22' title='bbox 882 639 1091 713; x_wconf 85' lang='lat' dir='ltr'><strong>crubescunt,</strong></span> <span class='ocrx_word' id='word_1_23' title='bbox 1115 635 1255 718; x_wconf 86' lang='lat' dir='ltr'><strong>injurias</strong></span> <span class='ocrx_word' id='word_1_24' title='bbox 1288 661 1290 665; x_wconf 56' lang='grc'>’</span> 
     </span>
     <span class='ocr_line' id='line_1_4' title="bbox 146 739 1256 825; baseline -0.009 -17"><span class='ocrx_word' id='word_1_25' title='bbox 146 765 226 809; x_wconf 90' lang='lat' dir='ltr'><strong>suas</strong></span> <span class='ocrx_word' id='word_1_26' title='bbox 239 746 331 809; x_wconf 87' lang='lat' dir='ltr'><strong>ultus</strong></span> <span class='ocrx_word' id='word_1_27' title='bbox 354 749 405 808; x_wconf 89' lang='lat' dir='ltr'><strong>est</strong></span> <span class='ocrx_word' id='word_1_28' title='bbox 426 743 635 807; x_wconf 81' lang='lat' dir='ltr'><strong>interfectori</strong></span> <span class='ocrx_word' id='word_1_29' title='bbox 659 744 738 825; x_wconf 90' lang='lat' dir='ltr'><strong>quia</strong></span> <span class='ocrx_word' id='word_1_30' title='bbox 762 741 803 804; x_wconf 90' lang='lat' dir='ltr'><strong>de</strong></span> <span class='ocrx_word' id='word_1_31' title='bbox 826 745 964 823; x_wconf 85' lang='lat' dir='ltr'><strong>paterna</strong></span> <span class='ocrx_word' id='word_1_32' title='bbox 987 739 1129 820; x_wconf 88' lang='lat' dir='ltr'><strong>pecunia</strong></span> <span class='ocrx_word' id='word_1_33' title='bbox 1150 741 1256 799; x_wconf 86' lang='lat' dir='ltr'><strong>trans-</strong></span> 
     </span>
    </p>

    <p class='ocr_par' dir='ltr' id='par_1_3' title="bbox 70 839 1255 1032">
     <span class='ocr_line' id='line_1_5' title="bbox 143 839 1255 929; baseline -0.003 -18"><span class='ocrx_word' id='word_1_34' title='bbox 143 843 280 929; x_wconf 80' lang='lat' dir='ltr'><strong>egerat,f</strong></span> <span class='ocrx_word' id='word_1_35' title='bbox 301 852 359 911; x_wconf 89' lang='lat' dir='ltr'><strong>aut</strong></span> <span class='ocrx_word' id='word_1_36' title='bbox 375 848 503 911; x_wconf 87' lang='lat' dir='ltr'><strong>avitum</strong></span> <span class='ocrx_word' id='word_1_37' title='bbox 517 844 733 928; x_wconf 73' lang='lat' dir='ltr'><strong>mancipium</strong></span> <span class='ocrx_word' id='word_1_38' title='bbox 755 842 1015 907; x_wconf 68' lang='lat' dir='ltr'>detrahebatur?</span> <span class='ocrx_word' id='word_1_39' title='bbox 1060 839 1255 908; x_wconf 80' lang='lat' dir='ltr'><strong>Pronuntie·</strong></span> 
     </span>
     <span class='ocr_line' id='line_1_6' title="bbox 70 933 887 1032; baseline -0.01 -18"><span class='ocrx_word' id='word_1_40' title='bbox 70 933 74 940; x_wconf 42' lang='lat'><strong><em>¹</em></strong></span> <span class='ocrx_word' id='word_1_41' title='bbox 142 946 234 1014; x_wconf 79' lang='lat' dir='ltr'><strong>mush</strong></span> <span class='ocrx_word' id='word_1_42' title='bbox 248 949 348 1025; x_wconf 89' lang='lat' dir='ltr'><strong>ultro,</strong></span> <span class='ocrx_word' id='word_1_43' title='bbox 361 947 526 1012; x_wconf 90' lang='lat' dir='ltr'><strong>dominum</strong></span> <span class='ocrx_word' id='word_1_44' title='bbox 537 948 611 1032; x_wconf 88' lang='lat' dir='ltr'><strong>jure</strong></span> <span class='ocrx_word' id='word_1_45' title='bbox 627 965 755 1011; x_wconf 86' lang='lat' dir='ltr'><strong>caesum</strong></span> <span class='ocrx_word' id='word_1_46' title='bbox 768 944 887 1009; x_wconf 82' lang='lat' dir='ltr'><strong>videri.</strong></span> 
     </span>
    </p>
   </div>
   <div class='ocr_carea' id='block_1_3' title="bbox 144 1121 1258 1436">
    <p class='ocr_par' dir='ltr' id='par_1_4' title="bbox 144 1121 1258 1436">
     <span class='ocr_line' id='line_1_7' title="bbox 144 1121 1258 1188; baseline -0.005 -12"><span class='ocrx_word' id='word_1_47' title='bbox 144 1126 289 1176; x_wconf 87' lang='lat' dir='ltr'><strong>Pedanium</strong></span> <span class='ocrx_word' id='word_1_48' title='bbox 307 1125 472 1175; x_wconf 81' lang='lat' dir='ltr'><strong>Secundum?</strong></span> <span class='ocrx_word' id='word_1_49' title='bbox 485 1125 531 1174; x_wconf 92' lang='lat' dir='ltr'><strong>cni</strong></span> <span class='ocrx_word' id='word_1_50' title='bbox 544 1123 642 1174; x_wconf 80' lang='lat' dir='ltr'><strong>familia</strong></span> <span class='ocrx_word' id='word_1_51' title='bbox 654 1123 775 1186; x_wconf 72' lang='lat' dir='ltr'><strong>prasidio</strong></span> <span class='ocrx_word' id='word_1_52' title='bbox 797 1123 859 1185; x_wconf 91' lang='lat' dir='ltr'><strong>erit,</strong></span> <span class='ocrx_word' id='word_1_53' title='bbox 872 1138 931 1188; x_wconf 68' lang='lat' dir='ltr'><strong>qnae</strong></span> <span class='ocrx_word' id='word_1_54' title='bbox 948 1137 982 1172; x_wconf 89' lang='lat' dir='ltr'><strong>ne</strong></span> <span class='ocrx_word' id='word_1_55' title='bbox 1002 1123 1029 1170; x_wconf 92' lang='lat' dir='ltr'><strong>in</strong></span> <span class='ocrx_word' id='word_1_56' title='bbox 1048 1121 1185 1171; x_wconf 83' lang='lat' dir='ltr'><strong>formidine</strong></span> <span class='ocrx_word' id='word_1_57' title='bbox 1203 1123 1258 1186; x_wconf 81' lang='lat' dir='ltr'><strong>qui-</strong></span> 
     </span>
     <span class='ocr_line' id='line_1_8' title="bbox 144 1187 1258 1252; baseline -0.005 -12"><span class='ocrx_word' id='word_1_58' title='bbox 144 1191 203 1240; x_wconf 89' lang='lat' dir='ltr'><strong>dem</strong></span> <span class='ocrx_word' id='word_1_59' title='bbox 217 1191 367 1240; x_wconf 74' lang='lat' dir='ltr'><strong>discrimina</strong></span> <span class='ocrx_word' id='word_1_60' title='bbox 378 1197 467 1239; x_wconf 89' lang='lat' dir='ltr'><strong>nostra</strong></span> <span class='ocrx_word' id='word_1_61' title='bbox 478 1190 624 1252; x_wconf 83' lang='lat' dir='ltr'><strong>prospicit?</strong></span> <span class='ocrx_word' id='word_1_62' title='bbox 658 1188 709 1248; x_wconf 86' lang='lat' dir='ltr'><strong>An,</strong></span> <span class='ocrx_word' id='word_1_63' title='bbox 721 1196 750 1238; x_wconf 89' lang='lat' dir='ltr'><strong>nt</strong></span> <span class='ocrx_word' id='word_1_64' title='bbox 760 1189 878 1236; x_wconf 85' lang='lat' dir='ltr'><strong>nonnulli</strong></span> <span class='ocrx_word' id='word_1_65' title='bbox 892 1187 1050 1237; x_wconf 83' lang='lat' dir='ltr'><strong>comminisci</strong></span> <span class='ocrx_word' id='word_1_66' title='bbox 1060 1189 1139 1235; x_wconf 89' lang='lat' dir='ltr'><strong>etiam</strong></span> <span class='ocrx_word' id='word_1_67' title='bbox 1152 1187 1258 1246; x_wconf 83' lang='lat' dir='ltr'><strong>audent,</strong></span> 
     </span>
     <span class='ocr_line' id='line_1_9' title="bbox 144 1251 1257 1317; baseline -0.006 -13"><span class='ocrx_word' id='word_1_68' title='bbox 144 1255 316 1306; x_wconf 70' lang='lat' dir='ltr'><strong>contumelias</strong></span> <span class='ocrx_word' id='word_1_69' title='bbox 328 1270 385 1304; x_wconf 90' lang='lat' dir='ltr'><strong>suas</strong></span> <span class='ocrx_word' id='word_1_70' title='bbox 397 1253 541 1304; x_wconf 76' lang='lat' dir='ltr'><strong>vindicavit</strong></span> <span class='ocrx_word' id='word_1_71' title='bbox 552 1255 704 1316; x_wconf 85' lang='lat' dir='ltr'><strong>percussor?</strong></span> <span class='ocrx_word' id='word_1_72' title='bbox 721 1253 782 1317; x_wconf 83' lang='lat' dir='ltr'><strong>quie</strong></span> <span class='ocrx_word' id='word_1_73' title='bbox 792 1253 905 1300; x_wconf 79' lang='lat' dir='ltr'><strong>nirnirnm</strong></span> <span class='ocrx_word' id='word_1_74' title='bbox 916 1251 949 1299; x_wconf 91' lang='lat' dir='ltr'><strong>de</strong></span> <span class='ocrx_word' id='word_1_75' title='bbox 966 1252 1084 1313; x_wconf 86' lang='lat' dir='ltr'><strong>paternis</strong></span> <span class='ocrx_word' id='word_1_76' title='bbox 1100 1251 1192 1312; x_wconf 87' lang='lat' dir='ltr'><strong>opibus</strong></span> <span class='ocrx_word' id='word_1_77' title='bbox 1211 1263 1257 1312; x_wconf 80' lang='lat' dir='ltr'><strong>pe·</strong></span> 
     </span>
     <span class='ocr_line' id='line_1_10' title="bbox 144 1314 1257 1383; baseline -0.003 -16"><span class='ocrx_word' id='word_1_78' title='bbox 144 1320 258 1383; x_wconf 76' lang='lat' dir='ltr'><strong>piger-,at</strong></span> <span class='ocrx_word' id='word_1_79' title='bbox 271 1325 317 1368; x_wconf 90' lang='lat' dir='ltr'><strong>aut</strong></span> <span class='ocrx_word' id='word_1_80' title='bbox 325 1321 380 1380; x_wconf 75' lang='lat' dir='ltr'><strong>poio</strong></span> <span class='ocrx_word' id='word_1_81' title='bbox 391 1319 475 1370; x_wconf 86' lang='lat' dir='ltr'><strong>avitus</strong></span> <span class='ocrx_word' id='word_1_82' title='bbox 487 1333 577 1368; x_wconf 86' lang='lat' dir='ltr'><strong>servus</strong></span> <span class='ocrx_word' id='word_1_83' title='bbox 588 1319 638 1382; x_wconf 79' lang='lat' dir='ltr'><strong>ipsi</strong></span> <span class='ocrx_word' id='word_1_84' title='bbox 631 1317 835 1368; x_wconf 78' lang='lat' dir='ltr'><strong>auferebatur?</strong></span> <span class='ocrx_word' id='word_1_85' title='bbox 861 1319 1010 1367; x_wconf 79' lang='lat' dir='ltr'><strong>Statuamus</strong></span> <span class='ocrx_word' id='word_1_86' title='bbox 1021 1317 1090 1365; x_wconf 90' lang='lat' dir='ltr'><strong>ultro</strong></span> <span class='ocrx_word' id='word_1_87' title='bbox 1098 1314 1211 1364; x_wconf 87' lang='lat' dir='ltr'><strong>herum</strong></span> <span class='ocrx_word' id='word_1_88' title='bbox 1195 1327 1257 1378; x_wconf 80' lang='lat' dir='ltr'><strong>Jure</strong></span> 
     </span>
     <span class='ocr_line' id='line_1_11' title="bbox 144 1383 364 1436; baseline -0.009 -2"><span class='ocrx_word' id='word_1_89' title='bbox 144 1385 260 1436; x_wconf 86' lang='lat' dir='ltr'><strong>occisum</strong></span> <span class='ocrx_word' id='word_1_90' title='bbox 273 1383 364 1434; x_wconf 87' lang='lat' dir='ltr'><strong>videri.</strong></span> 
     </span>
    </p>
   </div>
   <div class='ocr_carea' id='block_1_4' title="bbox 143 1581 1258 1842">
    <p class='ocr_par' dir='ltr' id='par_1_5' title="bbox 143 1581 1258 1842">
     <span class='ocr_line' id='line_1_12' title="bbox 143 1581 1257 1647; baseline -0.003 -12"><span class='ocrx_word' id='word_1_91' title='bbox 143 1585 192 1635; x_wconf 84' lang='lat' dir='ltr'><strong>coi.</strong></span> <span class='ocrx_word' id='word_1_92' title='bbox 227 1584 260 1633; x_wconf 90' lang='lat' dir='ltr'><strong>In</strong></span> <span class='ocrx_word' id='word_1_93' title='bbox 282 1582 336 1632; x_wconf 89' lang='lat' dir='ltr'><strong>Ms.</strong></span> <span class='ocrx_word' id='word_1_94' title='bbox 357 1581 435 1632; x_wconf 88' lang='lat' dir='ltr'><strong>Bodl.</strong></span> <span class='ocrx_word' id='word_1_95' title='bbox 453 1583 551 1647; x_wconf 79' lang='lat' dir='ltr'><strong>profuit.</strong></span> <span class='ocrx_word' id='word_1_96' title='bbox 583 1582 716 1632; x_wconf 75' lang='lat' dir='ltr'><strong>Idem-t}</strong></span> <span class='ocrx_word' id='word_1_97' title='bbox 733 1583 808 1632; x_wconf 84' lang='lat' dir='ltr'><strong>Ferat</strong></span> <span class='ocrx_word' id='word_1_98' title='bbox 831 1583 997 1632; x_wconf 68' lang='lat' dir='ltr'><strong>Eudone-l</strong></span> <span class='ocrx_word' id='word_1_99' title='bbox 1014 1584 1044 1632; x_wconf 83' lang='lat' dir='ltr'><strong>In</strong></span> <span class='ocrx_word' id='word_1_100' title='bbox 1062 1584 1099 1632; x_wconf 79' lang='lat' dir='ltr'><strong>sni</strong></span> <span class='ocrx_word' id='word_1_101' title='bbox 1117 1589 1180 1632; x_wconf 82' lang='lat' dir='ltr'><strong>meta</strong></span> <span class='ocrx_word' id='word_1_102' title='bbox 1198 1582 1257 1633; x_wconf 84' lang='lat' dir='ltr'><strong>cod.</strong></span> 
     </span>
     <span class='ocr_line' id='line_1_13' title="bbox 145 1647 1256 1713; baseline -0.004 -14"><span class='ocrx_word' id='word_1_103' title='bbox 145 1650 262 1713; x_wconf 57' lang='lat' dir='ltr'><strong>Agin-8</strong></span> <span class='ocrx_word' id='word_1_104' title='bbox 279 1649 323 1697; x_wconf 86' lang='lat' dir='ltr'><strong>Sic</strong></span> <span class='ocrx_word' id='word_1_105' title='bbox 334 1648 386 1698; x_wconf 79' lang='grc' dir='ltr'>Μι.</span> <span class='ocrx_word' id='word_1_106' title='bbox 399 1647 464 1710; x_wconf 82' lang='lat' dir='ltr'><strong>Reg.</strong></span> <span class='ocrx_word' id='word_1_107' title='bbox 477 1649 605 1696; x_wconf 82' lang='lat' dir='ltr'><strong>editiones</strong></span> <span class='ocrx_word' id='word_1_108' title='bbox 624 1653 727 1696; x_wconf 89' lang='lat' dir='ltr'><strong>veteres</strong></span> <span class='ocrx_word' id='word_1_109' title='bbox 748 1655 775 1696; x_wconf 92' lang='lat' dir='ltr'><strong>et</strong></span> <span class='ocrx_word' id='word_1_110' title='bbox 792 1649 960 1696; x_wconf 77' lang='lat' dir='ltr'><strong>recentiores.</strong></span> <span class='ocrx_word' id='word_1_111' title='bbox 993 1649 1025 1696; x_wconf 91' lang='lat' dir='ltr'><strong>ln</strong></span> <span class='ocrx_word' id='word_1_112' title='bbox 1037 1649 1102 1696; x_wconf 81' lang='lat' dir='ltr'><strong>Mss.</strong></span> <span class='ocrx_word' id='word_1_113' title='bbox 1113 1648 1188 1697; x_wconf 85' lang='lat' dir='ltr'><strong>Harl.</strong></span> <span class='ocrx_word' id='word_1_114' title='bbox 1200 1648 1256 1698; x_wconf 87' lang='lat' dir='ltr'><strong>Jes.</strong></span> 
     </span>
     <span class='ocr_line' id='line_1_14' title="bbox 144 1711 1258 1774; baseline -0.004 -11"><span class='ocrx_word' id='word_1_115' title='bbox 144 1712 236 1764; x_wconf 82' lang='lat' dir='ltr'><strong>Guelf.</strong></span> <span class='ocrx_word' id='word_1_116' title='bbox 249 1713 329 1762; x_wconf 89' lang='lat' dir='ltr'><strong>Corb.</strong></span> <span class='ocrx_word' id='word_1_117' title='bbox 342 1719 369 1760; x_wconf 87' lang='lat' dir='ltr'><strong>et</strong></span> <span class='ocrx_word' id='word_1_118' title='bbox 380 1711 491 1774; x_wconf 82' lang='lat' dir='ltr'><strong>Lipsius,</strong></span> <span class='ocrx_word' id='word_1_119' title='bbox 502 1713 614 1761; x_wconf 82' lang='lat' dir='ltr'><strong>advertit.</strong></span> <span class='ocrx_word' id='word_1_120' title='bbox 646 1713 673 1762; x_wconf 86' lang='lat' dir='ltr'><strong>J.</strong></span> <span class='ocrx_word' id='word_1_121' title='bbox 684 1713 713 1760; x_wconf 90' lang='lat' dir='ltr'><strong>F.</strong></span> <span class='ocrx_word' id='word_1_122' title='bbox 726 1711 873 1760; x_wconf 83' lang='lat' dir='ltr'><strong>Gronovius</strong></span> <span class='ocrx_word' id='word_1_123' title='bbox 891 1727 925 1760; x_wconf 84' lang='lat' dir='ltr'><strong>ex</strong></span> <span class='ocrx_word' id='word_1_124' title='bbox 940 1712 1024 1760; x_wconf 82' lang='lat' dir='ltr'><strong>Taciti</strong></span> <span class='ocrx_word' id='word_1_125' title='bbox 1033 1727 1083 1760; x_wconf 85' lang='lat' dir='ltr'><strong>usn</strong></span> <span class='ocrx_word' id='word_1_126' title='bbox 1094 1711 1258 1774; x_wconf 73' lang='lat' dir='ltr'><strong>conjiciebat,</strong></span> 
     </span>
     <span class='ocr_line' id='line_1_15' title="bbox 143 1776 1224 1842; baseline -0.005 -14"><span class='ocrx_word' id='word_1_127' title='bbox 143 1793 214 1842; x_wconf 79' lang='lat' dir='ltr'><strong>qaam</strong></span> <span class='ocrx_word' id='word_1_128' title='bbox 225 1793 254 1826; x_wconf 76' lang='lat' dir='ltr'><strong>oe</strong></span> <span class='ocrx_word' id='word_1_129' title='bbox 266 1777 292 1826; x_wconf 84' lang='lat' dir='ltr'><strong>ia</strong></span> <span class='ocrx_word' id='word_1_130' title='bbox 301 1780 364 1826; x_wconf 78' lang='lat' dir='ltr'><strong>meta</strong></span> <span class='ocrx_word' id='word_1_131' title='bbox 374 1777 468 1840; x_wconf 79' lang='lat' dir='ltr'><strong>quidem</strong></span> <span class='ocrx_word' id='word_1_132' title='bbox 477 1777 582 1839; x_wconf 80' lang='lat' dir='ltr'><strong>pericula</strong></span> <span class='ocrx_word' id='word_1_133' title='bbox 588 1779 670 1824; x_wconf 79' lang='lat' dir='ltr'><strong>nostra</strong></span> <span class='ocrx_word' id='word_1_134' title='bbox 681 1777 816 1826; x_wconf 75' lang='lat' dir='ltr'><strong>advertunt.</strong></span> <span class='ocrx_word' id='word_1_135' title='bbox 849 1776 1014 1826; x_wconf 54' lang='lat' dir='ltr'><strong>arcerent-s</strong></span> <span class='ocrx_word' id='word_1_136' title='bbox 1030 1776 1100 1825; x_wconf 76' lang='lat' dir='ltr'><strong>Anne</strong></span> <span class='ocrx_word' id='word_1_137' title='bbox 1109 1776 1224 1824; x_wconf 63' lang='lat' dir='ltr'><strong>Budensa</strong></span> 
     </span>
    </p>
   </div>
   <div class='ocr_carea' id='block_1_5' title="bbox 647 1927 759 1980">
    <p class='ocr_par' dir='ltr' id='par_1_6' title="bbox 647 1927 759 1980">
     <span class='ocr_line' id='line_1_16' title="bbox 647 1927 759 1980; baseline -0.018 0"><span class='ocrx_word' id='word_1_138' title='bbox 647 1927 759 1980; x_wconf 83' lang='lat' dir='ltr'><strong>NOTAE</strong></span> 
     </span>
    </p>
   </div>
   <div class='ocr_carea' id='block_1_6' title="bbox 125 2041 1325 4309">
    <p class='ocr_par' dir='ltr' id='par_1_7' title="bbox 125 2041 1325 4309">
     <span class='ocr_line' id='line_1_17' title="bbox 144 2041 1103 2106; baseline 0 -16"><span class='ocrx_word' id='word_1_139' title='bbox 144 2046 199 2101; x_wconf 86' lang='lat' dir='ltr'><strong>tur,</strong></span> <span class='ocrx_word' id='word_1_140' title='bbox 218 2047 311 2106; x_wconf 81' lang='lat' dir='ltr'><strong>postea</strong></span> <span class='ocrx_word' id='word_1_141' title='bbox 333 2043 371 2093; x_wconf 88' lang='lat' dir='ltr'><strong>sic</strong></span> <span class='ocrx_word' id='word_1_142' title='bbox 391 2043 527 2092; x_wconf 84' lang='lat' dir='ltr'><strong>decernite</strong></span> <span class='ocrx_word' id='word_1_143' title='bbox 545 2042 683 2106; x_wconf 87' lang='lat' dir='ltr'><strong>impunita·</strong></span> <span class='ocrx_word' id='word_1_144' title='bbox 722 2041 872 2103; x_wconf 74' lang='lat' dir='ltr'><strong>nubserat,</strong></span> <span class='ocrx_word' id='word_1_145' title='bbox 886 2048 1008 2106; x_wconf 85' lang='lat' dir='ltr'><strong>tauquam</strong></span> <span class='ocrx_word' id='word_1_146' title='bbox 1020 2055 1103 2090; x_wconf 87' lang='lat' dir='ltr'><strong>servo.</strong></span> 
     </span>
     <span class='ocr_line' id='line_1_18' title="bbox 143 2108 1258 2184; baseline 0 -18"><span class='ocrx_word' id='word_1_147' title='bbox 143 2125 198 2167; x_wconf 91' lang='lat' dir='ltr'><strong>tem</strong></span> <span class='ocrx_word' id='word_1_148' title='bbox 210 2119 329 2168; x_wconf 85' lang='lat' dir='ltr'><strong>omnibus</strong></span> <span class='ocrx_word' id='word_1_149' title='bbox 340 2119 389 2168; x_wconf 91' lang='lat' dir='ltr'><strong>illis</strong></span> <span class='ocrx_word' id='word_1_150' title='bbox 401 2120 481 2169; x_wconf 87' lang='lat' dir='ltr'><strong>servis</strong></span> <span class='ocrx_word' id='word_1_151' title='bbox 490 2119 536 2182; x_wconf 60' lang='lat' dir='ltr'><strong>iat</strong></span> <span class='ocrx_word' id='word_1_152' title='bbox 547 2120 625 2168; x_wconf 77' lang='lat' dir='ltr'><strong>sibo‘c</strong></span> <span class='ocrx_word' id='word_1_153' title='bbox 638 2118 682 2166; x_wconf 86' lang='lat' dir='ltr'><strong>de·</strong></span> <span class='ocrx_word' id='word_1_154' title='bbox 755 2121 849 2184; x_wconf 84' lang='lat' dir='ltr'><strong>Neque</strong></span> <span class='ocrx_word' id='word_1_155' title='bbox 870 2121 968 2170; x_wconf 89' lang='lat' dir='ltr'><strong>avitum</strong></span> <span class='ocrx_word' id='word_1_156' title='bbox 985 2120 1023 2168; x_wconf 91' lang='lat' dir='ltr'><strong>illi</strong></span> <span class='ocrx_word' id='word_1_157' title='bbox 1042 2118 1196 2182; x_wconf 81' lang='lat' dir='ltr'><strong>mancipium</strong></span> <span class='ocrx_word' id='word_1_158' title='bbox 1211 2108 1258 2166; x_wconf 75' lang='lat' dir='ltr'><strong>dei</strong></span> 
     </span>
     <span class='ocr_line' id='line_1_19' title="bbox 143 2192 1259 2260; baseline -0.002 -16"><span class='ocrx_word' id='word_1_159' title='bbox 143 2195 286 2257; x_wconf 88' lang='lat' dir='ltr'><strong>cernitis,‘</strong></span> <span class='ocrx_word' id='word_1_160' title='bbox 300 2211 377 2259; x_wconf 89' lang='lat' dir='ltr'><strong>quem</strong></span> <span class='ocrx_word' id='word_1_161' title='bbox 392 2196 506 2260; x_wconf 80' lang='lat' dir='ltr'><strong>dignitas</strong></span> <span class='ocrx_word' id='word_1_162' title='bbox 526 2209 572 2244; x_wconf 87' lang='lat' dir='ltr'><strong>sua</strong></span> <span class='ocrx_word' id='word_1_163' title='bbox 592 2193 681 2243; x_wconf 89' lang='lat' dir='ltr'><strong>defen·</strong></span> <span class='ocrx_word' id='word_1_164' title='bbox 721 2195 883 2258; x_wconf 81' lang='lat' dir='ltr'><strong>trahebatur,</strong></span> <span class='ocrx_word' id='word_1_165' title='bbox 895 2195 993 2260; x_wconf 90' lang='lat' dir='ltr'><strong>quippe</strong></span> <span class='ocrx_word' id='word_1_166' title='bbox 1005 2209 1057 2243; x_wconf 90' lang='lat' dir='ltr'><strong>non</strong></span> <span class='ocrx_word' id='word_1_167' title='bbox 1069 2209 1152 2255; x_wconf 91' lang='lat' dir='ltr'><strong>suum,</strong></span> <span class='ocrx_word' id='word_1_168' title='bbox 1164 2192 1210 2242; x_wconf 90' lang='lat' dir='ltr'><strong>sed</strong></span> <span class='ocrx_word' id='word_1_169' title='bbox 1220 2209 1259 2242; x_wconf 91' lang='lat' dir='ltr'><strong>se·</strong></span> 
     </span>
     <span class='ocr_line' id='line_1_20' title="bbox 144 2268 1260 2334; baseline 0 -16"><span class='ocrx_word' id='word_1_170' title='bbox 144 2269 200 2332; x_wconf 87' lang='lat' dir='ltr'><strong>det,</strong></span> <span class='ocrx_word' id='word_1_171' title='bbox 211 2285 290 2334; x_wconf 87' lang='lat' dir='ltr'><strong>quem</strong></span> <span class='ocrx_word' id='word_1_172' title='bbox 308 2285 427 2319; x_wconf 87' lang='lat' dir='ltr'><strong>numerus</strong></span> <span class='ocrx_word' id='word_1_173' title='bbox 446 2284 578 2320; x_wconf 84' lang='lat' dir='ltr'><strong>servornm</strong></span> <span class='ocrx_word' id='word_1_174' title='bbox 598 2268 681 2318; x_wconf 89' lang='lat' dir='ltr'><strong>tuebi-</strong></span> <span class='ocrx_word' id='word_1_175' title='bbox 722 2281 781 2320; x_wconf 87' lang='lat' dir='ltr'><strong>eum</strong></span> <span class='ocrx_word' id='word_1_176' title='bbox 793 2272 894 2334; x_wconf 86' lang='lat' dir='ltr'><strong>pariter</strong></span> <span class='ocrx_word' id='word_1_177' title='bbox 905 2286 1005 2320; x_wconf 84' lang='lat' dir='ltr'><strong>servus.</strong></span> <span class='ocrx_word' id='word_1_178' title='bbox 1038 2272 1108 2333; x_wconf 83' lang='lat' dir='ltr'><strong>Ergo</strong></span> <span class='ocrx_word' id='word_1_179' title='bbox 1125 2269 1260 2324; x_wconf 82' lang='lat' dir='ltr'><strong>nullaeia</strong></span> 
     </span>
     <span class='ocr_line' id='line_1_21' title="bbox 144 2345 1242 2410; baseline -0.001 -16"><span class='ocrx_word' id='word_1_180' title='bbox 144 2345 215 2394; x_wconf 79' lang='lat' dir='ltr'><strong>tnri&#39;</strong></span> <span class='ocrx_word' id='word_1_181' title='bbox 233 2349 283 2396; x_wconf 85' lang='lat' dir='ltr'><strong>&amp;c</strong></span> <span class='ocrx_word' id='word_1_182' title='bbox 674 2346 826 2396; x_wconf 90' lang='lat' dir='ltr'><strong>domiuo</strong></span> <span class='ocrx_word' id='word_1_183' title='bbox 838 2347 933 2410; x_wconf 89' lang='lat' dir='ltr'><strong>injuria</strong></span> <span class='ocrx_word' id='word_1_184' title='bbox 945 2345 1000 2393; x_wconf 87' lang='lat' dir='ltr'><strong>lieri</strong></span> <span class='ocrx_word' id='word_1_185' title='bbox 1011 2346 1106 2408; x_wconf 91' lang='lat' dir='ltr'><strong>potuit.</strong></span> <span class='ocrx_word' id='word_1_186' title='bbox 1128 2345 1242 2393; x_wconf 81' lang='lat' dir='ltr'><strong>Picbeoa.</strong></span> 
     </span>
     <span class='ocr_line' id='line_1_22' title="bbox 176 2416 1260 2486; baseline -0.002 -15"><span class='ocrx_word' id='word_1_187' title='bbox 176 2419 472 2486; x_wconf 49' lang='lat' dir='ltr'><strong>“Iumetn18ervistre</strong></span> <span class='ocrx_word' id='word_1_188' title='bbox 492 2423 518 2472; x_wconf 92' lang='lat' dir='ltr'><strong>in</strong></span> <span class='ocrx_word' id='word_1_189' title='bbox 538 2428 610 2472; x_wconf 91' lang='lat' dir='ltr'><strong>metu</strong></span> <span class='ocrx_word' id='word_1_190' title='bbox 627 2421 682 2486; x_wconf 89' lang='lat' dir='ltr'><strong>qui·</strong></span> <span class='ocrx_word' id='word_1_191' title='bbox 753 2423 821 2480; x_wconf 80' lang='lat' dir='ltr'><strong>Quia</strong></span> <span class='ocrx_word' id='word_1_192' title='bbox 839 2426 869 2472; x_wconf 82' lang='lat' dir='ltr'><strong>de</strong></span> <span class='ocrx_word' id='word_1_193' title='bbox 887 2421 989 2486; x_wconf 70' lang='lat' dir='ltr'><strong>patema</strong></span> <span class='ocrx_word' id='word_1_194' title='bbox 1006 2419 1118 2484; x_wconf 79' lang='lat' dir='ltr'><strong>pecnnia]</strong></span> <span class='ocrx_word' id='word_1_195' title='bbox 1141 2416 1260 2482; x_wconf 80' lang='lat' dir='ltr'><strong>Respicit</strong></span> 
     </span>
     <span class='ocr_line' id='line_1_23' title="bbox 144 2495 1261 2563; baseline 0.001 -18"><span class='ocrx_word' id='word_1_196' title='bbox 144 2496 204 2547; x_wconf 86' lang='lat' dir='ltr'><strong>dem</strong></span> <span class='ocrx_word' id='word_1_197' title='bbox 217 2500 334 2563; x_wconf 86' lang='lat' dir='ltr'><strong>proprio,</strong></span> <span class='ocrx_word' id='word_1_198' title='bbox 343 2514 375 2548; x_wconf 92' lang='lat' dir='ltr'><strong>ne</strong></span> <span class='ocrx_word' id='word_1_199' title='bbox 388 2499 415 2547; x_wconf 90' lang='lat' dir='ltr'><strong>in</strong></span> <span class='ocrx_word' id='word_1_200' title='bbox 429 2505 500 2549; x_wconf 88' lang='lat' dir='ltr'><strong>metu</strong></span> <span class='ocrx_word' id='word_1_201' title='bbox 512 2499 615 2563; x_wconf 81' lang='lat' dir='ltr'><strong>quidem</strong></span> <span class='ocrx_word' id='word_1_202' title='bbox 626 2497 679 2546; x_wconf 83' lang='lat' dir='ltr'><strong>exi·</strong></span> <span class='ocrx_word' id='word_1_203' title='bbox 721 2499 755 2549; x_wconf 86' lang='lat' dir='ltr'><strong>ad</strong></span> <span class='ocrx_word' id='word_1_204' title='bbox 778 2499 823 2548; x_wconf 89' lang='lat' dir='ltr'><strong>illa</strong></span> <span class='ocrx_word' id='word_1_205' title='bbox 845 2514 903 2563; x_wconf 88' lang='lat' dir='ltr'><strong>quae</strong></span> <span class='ocrx_word' id='word_1_206' title='bbox 925 2511 1097 2562; x_wconf 82' lang='lat' dir='ltr'><strong>praecessere,</strong></span> <span class='ocrx_word' id='word_1_207' title='bbox 1116 2496 1162 2545; x_wconf 85' lang='lat' dir='ltr'><strong>u&#39;bi</strong></span> <span class='ocrx_word' id='word_1_208' title='bbox 1184 2495 1261 2547; x_wconf 80' lang='lat' dir='ltr'><strong>affert</strong></span> 
     </span>
     <span class='ocr_line' id='line_1_24' title="bbox 143 2569 1260 2639; baseline -0.001 -16"><span class='ocrx_word' id='word_1_209' title='bbox 143 2574 175 2623; x_wconf 89' lang='lat' dir='ltr'><strong>tii</strong></span> <span class='ocrx_word' id='word_1_210' title='bbox 187 2575 367 2624; x_wconf 87' lang='lat' dir='ltr'><strong>universorum</strong></span> <span class='ocrx_word' id='word_1_211' title='bbox 383 2576 516 2639; x_wconf 87' lang='lat' dir='ltr'><strong>utriusque</strong></span> <span class='ocrx_word' id='word_1_212' title='bbox 527 2588 613 2637; x_wconf 83' lang='lat' dir='ltr'><strong>sexus,</strong></span> <span class='ocrx_word' id='word_1_213' title='bbox 622 2588 680 2622; x_wconf 88' lang='lat' dir='ltr'><strong>nos·</strong></span> <span class='ocrx_word' id='word_1_214' title='bbox 720 2571 825 2623; x_wconf 76' lang='lat' dir='ltr'><strong>Tacitus</strong></span> <span class='ocrx_word' id='word_1_215' title='bbox 838 2588 951 2637; x_wconf 85' lang='lat' dir='ltr'><strong>causam,</strong></span> <span class='ocrx_word' id='word_1_216' title='bbox 967 2588 1013 2623; x_wconf 92' lang='lat' dir='ltr'><strong>cur</strong></span> <span class='ocrx_word' id='word_1_217' title='bbox 1026 2572 1158 2621; x_wconf 89' lang='lat' dir='ltr'><strong>domiuum</strong></span> <span class='ocrx_word' id='word_1_218' title='bbox 1170 2569 1260 2622; x_wconf 74' lang='lat' dir='ltr'><strong>serras</strong></span> 
     </span>
     <span class='ocr_line' id='line_1_25' title="bbox 143 2648 1262 2719; baseline -0.003 -21"><span class='ocrx_word' id='word_1_219' title='bbox 143 2655 185 2698; x_wconf 85' lang='lat' dir='ltr'><strong>tra</strong></span> <span class='ocrx_word' id='word_1_220' title='bbox 193 2650 311 2712; x_wconf 88' lang='lat' dir='ltr'><strong>pericula</strong></span> <span class='ocrx_word' id='word_1_221' title='bbox 322 2650 538 2699; x_wconf 84' lang='lat' dir='ltr'><strong>animadvertunt.</strong></span> <span class='ocrx_word' id='word_1_222' title='bbox 720 2650 800 2713; x_wconf 91' lang='lat' dir='ltr'><strong>ipsius</strong></span> <span class='ocrx_word' id='word_1_223' title='bbox 813 2649 958 2710; x_wconf 85' lang='lat' dir='ltr'><strong>interfecit,</strong></span> <span class='ocrx_word' id='word_1_224' title='bbox 979 2665 1020 2699; x_wconf 82' lang='lat' dir='ltr'><strong>serr</strong></span> <span class='ocrx_word' id='word_1_225' title='bbox 1039 2654 1127 2710; x_wconf 77' lang='lat' dir='ltr'><strong>negata</strong></span> <span class='ocrx_word' id='word_1_226' title='bbox 1142 2648 1262 2719; x_wconf 65' lang='lat' dir='ltr'><strong>libertate,</strong></span> 
     </span>
     <span class='ocr_line' id='line_1_26' title="bbox 178 2724 1264 2789; baseline 0 -18"><span class='ocrx_word' id='word_1_227' title='bbox 178 2724 240 2779; x_wconf 75' lang='lat' dir='ltr'><strong>Quae</strong></span> <span class='ocrx_word' id='word_1_228' title='bbox 250 2739 281 2773; x_wconf 82' lang='lat' dir='ltr'><strong>ne</strong></span> <span class='ocrx_word' id='word_1_229' title='bbox 290 2724 317 2772; x_wconf 86' lang='grc' dir='ltr'><strong>ιἰι</strong></span> <span class='ocrx_word' id='word_1_230' title='bbox 327 2724 401 2786; x_wconf 65' lang='lat' dir='ltr'><strong>indu]</strong></span> <span class='ocrx_word' id='word_1_231' title='bbox 417 2725 483 2775; x_wconf 79' lang='lat' dir='ltr'><strong>Quae</strong></span> <span class='ocrx_word' id='word_1_232' title='bbox 495 2738 526 2773; x_wconf 91' lang='lat' dir='ltr'><strong>ne</strong></span> <span class='ocrx_word' id='word_1_233' title='bbox 538 2724 640 2787; x_wconf 89' lang='lat' dir='ltr'><strong>quidem</strong></span> <span class='ocrx_word' id='word_1_234' title='bbox 652 2724 679 2771; x_wconf 91' lang='lat' dir='ltr'><strong>in</strong></span> <span class='ocrx_word' id='word_1_235' title='bbox 722 2726 762 2773; x_wconf 83' lang='lat' dir='ltr'><strong>cai</strong></span> <span class='ocrx_word' id='word_1_236' title='bbox 772 2726 874 2788; x_wconf 79' lang='lat' dir='ltr'><strong>pretinm</strong></span> <span class='ocrx_word' id='word_1_237' title='bbox 883 2725 1016 2788; x_wconf 81' lang='lat' dir='ltr'><strong>pepigerat,</strong></span> <span class='ocrx_word' id='word_1_238' title='bbox 1025 2724 1152 2786; x_wconf 86' lang='lat' dir='ltr'><strong>dominus,</strong></span> <span class='ocrx_word' id='word_1_239' title='bbox 1158 2738 1264 2789; x_wconf 88' lang='lat' dir='ltr'><strong>nempe,</strong></span> 
     </span>
     <span class='ocr_line' id='line_1_27' title="bbox 145 2800 1065 2865; baseline 0.001 -16"><span class='ocrx_word' id='word_1_240' title='bbox 145 2807 218 2849; x_wconf 88' lang='lat' dir='ltr'><strong>metu</strong></span> <span class='ocrx_word' id='word_1_241' title='bbox 237 2800 371 2863; x_wconf 87' lang='lat' dir='ltr'><strong>supplicii,</strong></span> <span class='ocrx_word' id='word_1_242' title='bbox 389 2806 479 2849; x_wconf 87' lang='lat' dir='ltr'><strong>vetere</strong></span> <span class='ocrx_word' id='word_1_243' title='bbox 497 2800 617 2849; x_wconf 90' lang='lat' dir='ltr'><strong>instituto</strong></span> <span class='ocrx_word' id='word_1_244' title='bbox 638 2814 683 2849; x_wconf 83' lang='lat' dir='ltr'><strong>seu</strong></span> <span class='ocrx_word' id='word_1_245' title='bbox 724 2816 782 2851; x_wconf 91' lang='lat' dir='ltr'><strong>cum</strong></span> <span class='ocrx_word' id='word_1_246' title='bbox 795 2816 878 2865; x_wconf 88' lang='lat' dir='ltr'><strong>servo,</strong></span> <span class='ocrx_word' id='word_1_247' title='bbox 890 2802 932 2850; x_wconf 85' lang='lat' dir='ltr'><strong>vel</strong></span> <span class='ocrx_word' id='word_1_248' title='bbox 946 2801 1065 2850; x_wconf 91' lang='lat' dir='ltr'><strong>vicissim.</strong></span> 
     </span>
     <span class='ocr_line' id='line_1_28' title="bbox 144 2874 1261 2941; baseline 0 -16"><span class='ocrx_word' id='word_1_249' title='bbox 144 2877 375 2925; x_wconf 87' lang='lat' dir='ltr'><strong>senatusconsulto</strong></span> <span class='ocrx_word' id='word_1_250' title='bbox 387 2876 489 2926; x_wconf 90' lang='lat' dir='ltr'><strong>decreti</strong></span> <span class='ocrx_word' id='word_1_251' title='bbox 500 2876 622 2925; x_wconf 87' lang='lat' dir='ltr'><strong>adversus</strong></span> <span class='ocrx_word' id='word_1_252' title='bbox 632 2891 685 2925; x_wconf 89' lang='lat' dir='ltr'><strong>om·</strong></span> <span class='ocrx_word' id='word_1_253' title='bbox 759 2874 798 2927; x_wconf 86' lang='lat' dir='ltr'><strong>De</strong></span> <span class='ocrx_word' id='word_1_254' title='bbox 807 2877 919 2941; x_wconf 81' lang='lat' dir='ltr'><strong>paterna]</strong></span> <span class='ocrx_word' id='word_1_255' title='bbox 938 2876 1009 2925; x_wconf 89' lang='lat' dir='ltr'><strong>Nihil</strong></span> <span class='ocrx_word' id='word_1_256' title='bbox 1027 2877 1160 2939; x_wconf 89' lang='lat' dir='ltr'><strong>proprium</strong></span> <span class='ocrx_word' id='word_1_257' title='bbox 1181 2874 1261 2925; x_wconf 90' lang='lat' dir='ltr'><strong>habu-</strong></span> 
     </span>
     <span class='ocr_line' id='line_1_29' title="bbox 145 2951 1262 3016; baseline 0.001 -17"><span class='ocrx_word' id='word_1_258' title='bbox 145 2964 194 2999; x_wconf 85' lang='lat' dir='ltr'><strong>nes</strong></span> <span class='ocrx_word' id='word_1_259' title='bbox 206 2964 304 3013; x_wconf 87' lang='lat' dir='ltr'><strong>servos,</strong></span> <span class='ocrx_word' id='word_1_260' title='bbox 317 2951 360 3015; x_wconf 88' lang='lat' dir='ltr'><strong>qni</strong></span> <span class='ocrx_word' id='word_1_261' title='bbox 371 2951 418 3001; x_wconf 89' lang='lat' dir='ltr'><strong>sub</strong></span> <span class='ocrx_word' id='word_1_262' title='bbox 429 2951 521 3001; x_wconf 86' lang='lat' dir='ltr'><strong>eodem</strong></span> <span class='ocrx_word' id='word_1_263' title='bbox 534 2958 685 2999; x_wconf 85' lang='lat' dir='ltr'><strong>tectoman·</strong></span> <span class='ocrx_word' id='word_1_264' title='bbox 726 2968 770 3003; x_wconf 86' lang='lat' dir='ltr'><strong>ere</strong></span> <span class='ocrx_word' id='word_1_265' title='bbox 789 2952 866 3016; x_wconf 85' lang='lat' dir='ltr'><strong>servi,</strong></span> <span class='ocrx_word' id='word_1_266' title='bbox 883 2953 947 3001; x_wconf 88' lang='lat' dir='ltr'><strong>nihil</strong></span> <span class='ocrx_word' id='word_1_267' title='bbox 963 2952 1139 3015; x_wconf 86' lang='lat' dir='ltr'><strong>possidebant,</strong></span> <span class='ocrx_word' id='word_1_268' title='bbox 1158 2959 1203 3001; x_wconf 89' lang='lat' dir='ltr'><strong>aut</strong></span> <span class='ocrx_word' id='word_1_269' title='bbox 1221 2966 1262 3000; x_wconf 90' lang='lat' dir='ltr'><strong>ac·</strong></span> 
     </span>
     <span class='ocr_line' id='line_1_30' title="bbox 147 3027 1114 3094; baseline -0.001 -18"><span class='ocrx_word' id='word_1_270' title='bbox 147 3027 272 3077; x_wconf 86' lang='lat' dir='ltr'><strong>sitabant.</strong></span> <span class='ocrx_word' id='word_1_271' title='bbox 307 3028 384 3079; x_wconf 79' lang='lat' dir='ltr'><strong>Quod</strong></span> <span class='ocrx_word' id='word_1_272' title='bbox 395 3042 465 3077; x_wconf 90' lang='lat' dir='ltr'><strong>more</strong></span> <span class='ocrx_word' id='word_1_273' title='bbox 477 3027 604 3090; x_wconf 89' lang='lat' dir='ltr'><strong>majorum</strong></span> <span class='ocrx_word' id='word_1_274' title='bbox 614 3027 685 3076; x_wconf 78' lang='lat' dir='ltr'><strong>inva-</strong></span> <span class='ocrx_word' id='word_1_275' title='bbox 725 3029 864 3094; x_wconf 89' lang='lat' dir='ltr'><strong>quirebant</strong></span> <span class='ocrx_word' id='word_1_276' title='bbox 874 3028 932 3090; x_wconf 91' lang='lat' dir='ltr'><strong>sibi,</strong></span> <span class='ocrx_word' id='word_1_277' title='bbox 943 3027 989 3076; x_wconf 88' lang='lat' dir='ltr'><strong>sed</strong></span> <span class='ocrx_word' id='word_1_278' title='bbox 1002 3027 1114 3075; x_wconf 89' lang='lat' dir='ltr'><strong>domino.</strong></span> 
     </span>
     <span class='ocr_line' id='line_1_31' title="bbox 146 3101 1262 3167; baseline 0.001 -14"><span class='ocrx_word' id='word_1_279' title='bbox 146 3103 206 3166; x_wconf 89' lang='lat' dir='ltr'><strong>luit,</strong></span> <span class='ocrx_word' id='word_1_280' title='bbox 218 3117 289 3166; x_wconf 82' lang='lat' dir='ltr'><strong>saepe</strong></span> <span class='ocrx_word' id='word_1_281' title='bbox 301 3106 380 3153; x_wconf 89' lang='lat' dir='ltr'><strong>etiam</strong></span> <span class='ocrx_word' id='word_1_282' title='bbox 393 3106 462 3155; x_wconf 89' lang='lat' dir='ltr'><strong>SCto</strong></span> <span class='ocrx_word' id='word_1_283' title='bbox 473 3103 601 3152; x_wconf 88' lang='lat' dir='ltr'><strong>firmatur.</strong></span> <span class='ocrx_word' id='word_1_284' title='bbox 758 3114 771 3147; x_wconf 84' lang='lat' dir='ltr'><strong>s</strong></span> <span class='ocrx_word' id='word_1_285' title='bbox 787 3107 839 3154; x_wconf 81' lang='lat' dir='ltr'><strong>Aut</strong></span> <span class='ocrx_word' id='word_1_286' title='bbox 858 3104 948 3153; x_wconf 71' lang='lat' dir='ltr'><strong>amram</strong></span> <span class='ocrx_word' id='word_1_287' title='bbox 965 3101 1119 3165; x_wconf 66' lang='lat' dir='ltr'><strong>manuatim]</strong></span> <span class='ocrx_word' id='word_1_288' title='bbox 1144 3104 1262 3167; x_wconf 88' lang='lat' dir='ltr'><strong>Respicit</strong></span> 
     </span>
     <span class='ocr_line' id='line_1_32' title="bbox 179 3178 1325 3245; baseline -0.001 -16"><span class='ocrx_word' id='word_1_289' title='bbox 179 3182 318 3245; x_wconf 72' lang='lat' dir='ltr'><strong>‘AvertitJ</strong></span> <span class='ocrx_word' id='word_1_290' title='bbox 340 3181 425 3244; x_wconf 75' lang='lat' dir='ltr'><strong>Vulgo</strong></span> <span class='ocrx_word' id='word_1_291' title='bbox 445 3182 565 3229; x_wconf 81' lang='lat' dir='ltr'><strong>advertit:</strong></span> <span class='ocrx_word' id='word_1_292' title='bbox 583 3179 685 3229; x_wconf 89' lang='lat' dir='ltr'><strong>scilicet</strong></span> <span class='ocrx_word' id='word_1_293' title='bbox 725 3180 758 3229; x_wconf 84' lang='lat' dir='ltr'><strong>sd</strong></span> <span class='ocrx_word' id='word_1_294' title='bbox 777 3179 892 3243; x_wconf 83' lang='lat' dir='ltr'><strong>praeced.</strong></span> <span class='ocrx_word' id='word_1_295' title='bbox 908 3178 984 3228; x_wconf 79' lang='lat' dir='ltr'><strong>‘sive</strong></span> <span class='ocrx_word' id='word_1_296' title='bbox 1003 3192 1090 3226; x_wconf 81' lang='lat' dir='ltr'><strong>aurore</strong></span> <span class='ocrx_word' id='word_1_297' title='bbox 1110 3180 1206 3236; x_wconf 82' lang='lat' dir='ltr'><strong>exoleti</strong></span> <span class='ocrx_word' id='word_1_298' title='bbox 1223 3180 1262 3228; x_wconf 88' lang='lat' dir='ltr'><strong>in·</strong></span> <span class='ocrx_word' id='word_1_299' title='bbox 1322 3205 1325 3208; x_wconf 93' lang='lat'>·</span> 
     </span>
     <span class='ocr_line' id='line_1_33' title="bbox 125 3254 1263 3321; baseline 0 -14"><span class='ocrx_word' id='word_1_300' title='bbox 125 3273 129 3282; x_wconf 88' lang='lat'>·</span> <span class='ocrx_word' id='word_1_301' title='bbox 146 3256 173 3307; x_wconf 72' lang='lat' dir='ltr'><strong>riu</strong></span> <span class='ocrx_word' id='word_1_302' title='bbox 184 3259 250 3305; x_wconf 80' lang='lat' dir='ltr'><strong>iacta</strong></span> <span class='ocrx_word' id='word_1_303' title='bbox 258 3258 483 3319; x_wconf 87' lang='lat' dir='ltr'><strong>senatusconsulti,</strong></span> <span class='ocrx_word' id='word_1_304' title='bbox 493 3258 561 3321; x_wconf 86' lang='lat' dir='ltr'><strong>quod</strong></span> <span class='ocrx_word' id='word_1_305' title='bbox 568 3256 684 3306; x_wconf 82' lang='lat' dir='ltr'><strong>nondum</strong></span> <span class='ocrx_word' id='word_1_306' title='bbox 722 3254 822 3317; x_wconf 76' lang='lat' dir='ltr'><strong>sensus,</strong></span> <span class='ocrx_word' id='word_1_307' title='bbox 835 3262 863 3305; x_wconf 89' lang='lat' dir='ltr'><strong>et</strong></span> <span class='ocrx_word' id='word_1_308' title='bbox 880 3254 1012 3304; x_wconf 88' lang='lat' dir='ltr'><strong>dominum</strong></span> <span class='ocrx_word' id='word_1_309' title='bbox 1029 3256 1149 3305; x_wconf 79' lang='lat' dir='ltr'><strong>amulum</strong></span> <span class='ocrx_word' id='word_1_310' title='bbox 1159 3272 1211 3306; x_wconf 89' lang='lat' dir='ltr'><strong>non</strong></span> <span class='ocrx_word' id='word_1_311' title='bbox 1223 3264 1263 3307; x_wconf 90' lang='lat' dir='ltr'><strong>to·</strong></span> 
     </span>
     <span class='ocr_line' id='line_1_34' title="bbox 146 3330 1320 3400; baseline -0.001 -18"><span class='ocrx_word' id='word_1_312' title='bbox 146 3346 299 3383; x_wconf 87' lang='lat' dir='ltr'><strong>concussam</strong></span> <span class='ocrx_word' id='word_1_313' title='bbox 312 3347 368 3381; x_wconf 85' lang='lat' dir='ltr'><strong>esse</strong></span> <span class='ocrx_word' id='word_1_314' title='bbox 379 3332 456 3381; x_wconf 85' lang='lat' dir='ltr'><strong>dixit.</strong></span> <span class='ocrx_word' id='word_1_315' title='bbox 491 3332 604 3381; x_wconf 74' lang='lat' dir='ltr'><strong>Pteleos.</strong></span> <span class='ocrx_word' id='word_1_316' title='bbox 725 3330 831 3383; x_wconf 61' lang='lat' dir='ltr'><strong>leransss</strong></span> <span class='ocrx_word' id='word_1_317' title='bbox 1282 3395 1286 3400; x_wconf 17' lang='lat' dir='ltr'>s</span> <span class='ocrx_word' id='word_1_318' title='bbox 1315 3390 1320 3394; x_wconf 90' lang='lat'><em>.</em></span> 
     </span>
     <span class='ocr_line' id='line_1_35' title="bbox 179 3407 1263 3473; baseline 0 -14"><span class='ocrx_word' id='word_1_319' title='bbox 179 3410 304 3473; x_wconf 81' lang='lat' dir='ltr'><strong>Suspicor</strong></span> <span class='ocrx_word' id='word_1_320' title='bbox 315 3408 438 3459; x_wconf 85' lang='lat' dir='ltr'><strong>Tacitum</strong></span> <span class='ocrx_word' id='word_1_321' title='bbox 455 3409 599 3473; x_wconf 83' lang='lat' dir='ltr'><strong>scripsisse:</strong></span> <span class='ocrx_word' id='word_1_322' title='bbox 617 3424 686 3471; x_wconf 70' lang='lat' dir='ltr'><strong>pram</strong></span> <span class='ocrx_word' id='word_1_323' title='bbox 714 3448 716 3453; x_wconf 89' lang='lat'><em>.</em></span> <span class='ocrx_word' id='word_1_324' title='bbox 758 3407 986 3472; x_wconf 78' lang='lat' dir='ltr'><strong>hPronmrtiernns]</strong></span> <span class='ocrx_word' id='word_1_325' title='bbox 1003 3408 1036 3458; x_wconf 91' lang='lat' dir='ltr'><strong>Id</strong></span> <span class='ocrx_word' id='word_1_326' title='bbox 1046 3409 1212 3460; x_wconf 86' lang='lat' dir='ltr'><strong>etiamlrabet</strong></span> <span class='ocrx_word' id='word_1_327' title='bbox 1222 3426 1263 3459; x_wconf 92' lang='lat' dir='ltr'><strong>or·</strong></span> 
     </span>
     <span class='ocr_line' id='line_1_36' title="bbox 147 3484 1263 3551; baseline -0.002 -16"><span class='ocrx_word' id='word_1_328' title='bbox 147 3500 178 3535; x_wconf 79' lang='lat' dir='ltr'><strong>ste</strong></span> <span class='ocrx_word' id='word_1_329' title='bbox 187 3485 215 3534; x_wconf 82' lang='lat' dir='ltr'><strong>in</strong></span> <span class='ocrx_word' id='word_1_330' title='bbox 226 3491 291 3533; x_wconf 69' lang='lat' dir='ltr'><strong>mna</strong></span> <span class='ocrx_word' id='word_1_331' title='bbox 300 3484 394 3549; x_wconf 78' lang='lat' dir='ltr'><strong>quidem</strong></span> <span class='ocrx_word' id='word_1_332' title='bbox 401 3486 597 3549; x_wconf 72' lang='lat' dir='ltr'><strong>periculosostra</strong></span> <span class='ocrx_word' id='word_1_333' title='bbox 605 3488 687 3535; x_wconf 85' lang='lat' dir='ltr'><strong>adoer-</strong></span> <span class='ocrx_word' id='word_1_334' title='bbox 726 3484 812 3533; x_wconf 91' lang='lat' dir='ltr'><strong>dinem</strong></span> <span class='ocrx_word' id='word_1_335' title='bbox 825 3485 858 3533; x_wconf 88' lang='lat' dir='ltr'><strong>ad</strong></span> <span class='ocrx_word' id='word_1_336' title='bbox 871 3492 956 3534; x_wconf 88' lang='lat' dir='ltr'><strong>antec.</strong></span> <span class='ocrx_word' id='word_1_337' title='bbox 969 3490 997 3534; x_wconf 90' lang='lat' dir='ltr'><strong>et</strong></span> <span class='ocrx_word' id='word_1_338' title='bbox 1009 3500 1113 3549; x_wconf 87' lang='lat' dir='ltr'><strong>conseq.</strong></span> <span class='ocrx_word' id='word_1_339' title='bbox 1125 3484 1162 3535; x_wconf 90' lang='lat' dir='ltr'><strong>sic</strong></span> <span class='ocrx_word' id='word_1_340' title='bbox 1181 3484 1263 3551; x_wconf 79' lang='lat' dir='ltr'><strong>igitur</strong></span> 
     </span>
     <span class='ocr_line' id='line_1_37' title="bbox 147 3558 1262 3625; baseline 0.001 -16"><span class='ocrx_word' id='word_1_341' title='bbox 147 3564 212 3609; x_wconf 71' lang='lat' dir='ltr'><strong>tunt.</strong></span> <span class='ocrx_word' id='word_1_342' title='bbox 241 3560 285 3609; x_wconf 86' lang='lat' dir='ltr'><strong>Sic</strong></span> <span class='ocrx_word' id='word_1_343' title='bbox 296 3560 493 3611; x_wconf 87' lang='lat' dir='ltr'><strong>habesverbum</strong></span> <span class='ocrx_word' id='word_1_344' title='bbox 502 3562 630 3625; x_wconf 86' lang='lat' dir='ltr'><strong>exquisito</strong></span> <span class='ocrx_word' id='word_1_345' title='bbox 643 3561 686 3610; x_wconf 91' lang='lat' dir='ltr'><strong>illo</strong></span> <span class='ocrx_word' id='word_1_346' title='bbox 728 3560 862 3623; x_wconf 83' lang='lat' dir='ltr'><strong>intellige:</strong></span> <span class='ocrx_word' id='word_1_347' title='bbox 882 3558 922 3607; x_wconf 84' lang='lat' dir='ltr'><strong>An</strong></span> <span class='ocrx_word' id='word_1_348' title='bbox 932 3560 992 3623; x_wconf 89' lang='lat' dir='ltr'><strong>quia</strong></span> <span class='ocrx_word' id='word_1_349' title='bbox 1003 3560 1109 3623; x_wconf 89' lang='lat' dir='ltr'><strong>injurias</strong></span> <span class='ocrx_word' id='word_1_350' title='bbox 1121 3576 1179 3610; x_wconf 85' lang='lat' dir='ltr'><strong>suas</strong></span> <span class='ocrx_word' id='word_1_351' title='bbox 1193 3562 1262 3610; x_wconf 89' lang='lat' dir='ltr'><strong>ultus</strong></span> 
     </span>
     <span class='ocr_line' id='line_1_38' title="bbox 147 3634 1264 3701; baseline 0 -16"><span class='ocrx_word' id='word_1_352' title='bbox 147 3649 206 3697; x_wconf 79' lang='lat' dir='ltr'><strong>neu,</strong></span> <span class='ocrx_word' id='word_1_353' title='bbox 228 3650 279 3701; x_wconf 90' lang='lat' dir='ltr'><strong>quo</strong></span> <span class='ocrx_word' id='word_1_354' title='bbox 294 3650 352 3685; x_wconf 84' lang='lat' dir='ltr'><strong>esse</strong></span> <span class='ocrx_word' id='word_1_355' title='bbox 374 3639 442 3686; x_wconf 90' lang='lat' dir='ltr'><strong>solet</strong></span> <span class='ocrx_word' id='word_1_356' title='bbox 463 3638 594 3687; x_wconf 86' lang='lat' dir='ltr'><strong>interdum</strong></span> <span class='ocrx_word' id='word_1_357' title='bbox 617 3636 687 3700; x_wconf 84' lang='lat' dir='ltr'><strong>apud</strong></span> <span class='ocrx_word' id='word_1_358' title='bbox 727 3642 768 3683; x_wconf 91' lang='lat' dir='ltr'><strong>est</strong></span> <span class='ocrx_word' id='word_1_359' title='bbox 778 3634 941 3695; x_wconf 85' lang='lat' dir='ltr'><strong>interfector,</strong></span> <span class='ocrx_word' id='word_1_360' title='bbox 955 3639 984 3683; x_wconf 87' lang='lat' dir='ltr'><strong>ut</strong></span> <span class='ocrx_word' id='word_1_361' title='bbox 995 3635 1099 3699; x_wconf 87' lang='lat' dir='ltr'><strong>quidam</strong></span> <span class='ocrx_word' id='word_1_362' title='bbox 1111 3636 1264 3699; x_wconf 80' lang='lat' dir='ltr'><strong>fingunt‚an</strong></span> 
     </span>
     <span class='ocr_line' id='line_1_39' title="bbox 147 3707 1265 3782; baseline 0.002 -23"><span class='ocrx_word' id='word_1_363' title='bbox 147 3718 267 3761; x_wconf 89' lang='lat' dir='ltr'><strong>nostrum</strong></span> <span class='ocrx_word' id='word_1_364' title='bbox 278 3719 306 3761; x_wconf 89' lang='lat' dir='ltr'><strong>et</strong></span> <span class='ocrx_word' id='word_1_365' title='bbox 316 3712 427 3762; x_wconf 84' lang='lat' dir='ltr'><strong>Livium.</strong></span> <span class='ocrx_word' id='word_1_366' title='bbox 462 3714 604 3763; x_wconf 79' lang='lat' dir='ltr'><strong>Gronovius.</strong></span> <span class='ocrx_word' id='word_1_367' title='bbox 728 3711 833 3777; x_wconf 90' lang='lat' dir='ltr'><strong>quiade</strong></span> <span class='ocrx_word' id='word_1_368' title='bbox 850 3719 961 3775; x_wconf 86' lang='lat' dir='ltr'><strong>paterna</strong></span> <span class='ocrx_word' id='word_1_369' title='bbox 972 3714 1080 3774; x_wconf 87' lang='lat' dir='ltr'><strong>pecunia</strong></span> <span class='ocrx_word' id='word_1_370' title='bbox 1092 3707 1265 3782; x_wconf 75' lang='lat' dir='ltr'><strong>transegerat,</strong></span> 
     </span>
     <span class='ocr_line' id='line_1_40' title="bbox 181 3787 1263 3853; baseline 0.002 -16"><span class='ocrx_word' id='word_1_371' title='bbox 181 3790 276 3851; x_wconf 84' lang='lat' dir='ltr'><strong>Recte,</strong></span> <span class='ocrx_word' id='word_1_372' title='bbox 288 3789 334 3850; x_wconf 84' lang='lat' dir='ltr'><strong>sed</strong></span> <span class='ocrx_word' id='word_1_373' title='bbox 352 3788 464 3841; x_wconf 80' lang='lat' dir='ltr'><strong>frustra:</strong></span> <span class='ocrx_word' id='word_1_374' title='bbox 483 3790 577 3840; x_wconf 90' lang='lat' dir='ltr'><strong>clarior</strong></span> <span class='ocrx_word' id='word_1_375' title='bbox 588 3790 685 3839; x_wconf 87' lang='lat' dir='ltr'><strong>lectio:</strong></span> <span class='ocrx_word' id='word_1_376' title='bbox 727 3787 951 3851; x_wconf 85' lang='lat' dir='ltr'><strong>pronuntiabimus</strong></span> <span class='ocrx_word' id='word_1_377' title='bbox 968 3791 1038 3838; x_wconf 89' lang='lat' dir='ltr'><strong>ultro</strong></span> <span class='ocrx_word' id='word_1_378' title='bbox 1059 3789 1188 3839; x_wconf 90' lang='lat' dir='ltr'><strong>dominum</strong></span> <span class='ocrx_word' id='word_1_379' title='bbox 1200 3791 1263 3853; x_wconf 86' lang='lat' dir='ltr'><strong>jure</strong></span> 
     </span>
     <span class='ocr_line' id='line_1_41' title="bbox 146 3862 990 3937; baseline 0.005 -24"><span class='ocrx_word' id='word_1_380' title='bbox 146 3862 261 3937; x_wconf 72' lang='lat' dir='ltr'><strong>familia,</strong></span> <span class='ocrx_word' id='word_1_381' title='bbox 269 3880 322 3928; x_wconf 81' lang='lat' dir='ltr'><strong>qaoe</strong></span> <span class='ocrx_word' id='word_1_382' title='bbox 331 3881 361 3915; x_wconf 84' lang='lat' dir='ltr'><strong>ne</strong></span> <span class='ocrx_word' id='word_1_383' title='bbox 371 3866 464 3931; x_wconf 73' lang='lat' dir='ltr'><strong>quidem</strong></span> <span class='ocrx_word' id='word_1_384' title='bbox 474 3868 500 3916; x_wconf 83' lang='lat' dir='ltr'><strong>in</strong></span> <span class='ocrx_word' id='word_1_385' title='bbox 509 3872 572 3917; x_wconf 84' lang='lat' dir='ltr'><strong>meta</strong></span> <span class='ocrx_word' id='word_1_386' title='bbox 581 3867 688 3931; x_wconf 78' lang='lat' dir='ltr'><strong>pericula</strong></span> <span class='ocrx_word' id='word_1_387' title='bbox 727 3879 824 3914; x_wconf 73' lang='lat' dir='ltr'><strong>caesum</strong></span> <span class='ocrx_word' id='word_1_388' title='bbox 837 3866 930 3927; x_wconf 86' lang='lat' dir='ltr'><strong>rideri,</strong></span> <span class='ocrx_word' id='word_1_389' title='bbox 942 3870 990 3917; x_wconf 81' lang='lat' dir='ltr'><strong>&amp;c</strong></span> 
     </span>
     <span class='ocr_line' id='line_1_42' title="bbox 149 3940 1262 4006; baseline 0.002 -17"><span class='ocrx_word' id='word_1_390' title='bbox 149 3941 361 3991; x_wconf 65' lang='lat' dir='ltr'><strong>madcmit.</strong></span> <span class='ocrx_word' id='word_1_391' title='bbox 357 3958 363 3971; x_wconf 92' lang='lat'><strong>·</strong></span> <span class='ocrx_word' id='word_1_392' title='bbox 373 3942 482 4005; x_wconf 79' lang='lat' dir='ltr'><strong>familia,</strong></span> <span class='ocrx_word' id='word_1_393' title='bbox 492 3944 519 3991; x_wconf 86' lang='lat' dir='ltr'><strong>irl</strong></span> <span class='ocrx_word' id='word_1_394' title='bbox 532 3949 581 4006; x_wconf 87' lang='lat' dir='ltr'><strong>est,</strong></span> <span class='ocrx_word' id='word_1_395' title='bbox 593 3941 671 3991; x_wconf 82' lang='lat' dir='ltr'><strong>servi.</strong></span> <span class='ocrx_word' id='word_1_396' title='bbox 761 3940 907 3989; x_wconf 88' lang='lat' dir='ltr'><strong>Ordinatur</strong></span> <span class='ocrx_word' id='word_1_397' title='bbox 918 3940 997 3989; x_wconf 91' lang='lat' dir='ltr'><strong>etiam</strong></span> <span class='ocrx_word' id='word_1_398' title='bbox 1011 3942 1042 3989; x_wconf 88' lang='lat' dir='ltr'><strong>ad</strong></span> <span class='ocrx_word' id='word_1_399' title='bbox 1061 3940 1262 4005; x_wconf 86' lang='lat' dir='ltr'><strong>consequentia·</strong></span> 
     </span>
     <span class='ocr_line' id='line_1_43' title="bbox 160 4014 1263 4083; baseline 0 -18"><span class='ocrx_word' id='word_1_400' title='bbox 160 4014 274 4071; x_wconf 68' lang='lat' dir='ltr'><strong>&#39;Quoia</strong></span> <span class='ocrx_word' id='word_1_401' title='bbox 290 4019 435 4079; x_wconf 74' lang='lat' dir='ltr'><strong>deputans</strong></span> <span class='ocrx_word' id='word_1_402' title='bbox 451 4019 551 4083; x_wconf 75' lang='lat' dir='ltr'><strong>pecarnis</strong></span> <span class='ocrx_word' id='word_1_403' title='bbox 567 4023 686 4079; x_wconf 78' lang='lat' dir='ltr'><strong>transege-</strong></span> <span class='ocrx_word' id='word_1_404' title='bbox 727 4014 930 4065; x_wconf 87' lang='lat' dir='ltr'><strong>Pronuntiemus</strong></span> <span class='ocrx_word' id='word_1_405' title='bbox 953 4018 1021 4065; x_wconf 89' lang='lat' dir='ltr'><strong>ultro</strong></span> <span class='ocrx_word' id='word_1_406' title='bbox 1049 4016 1213 4066; x_wconf 90' lang='lat' dir='ltr'><strong>dominnm</strong></span> <span class='ocrx_word' id='word_1_407' title='bbox 1200 4031 1263 4082; x_wconf 79' lang='lat' dir='ltr'><strong>Jure</strong></span> 
     </span>
     <span class='ocr_line' id='line_1_44' title="bbox 147 4089 1264 4169; baseline 0.002 -30"><span class='ocrx_word' id='word_1_408' title='bbox 147 4089 407 4153; x_wconf 79' lang='lat' dir='ltr'><strong>rat1Haec1ronrce</strong></span> <span class='ocrx_word' id='word_1_409' title='bbox 425 4093 614 4159; x_wconf 85' lang='lat' dir='ltr'><strong>quaeadhunc</strong></span> <span class='ocrx_word' id='word_1_410' title='bbox 628 4106 685 4141; x_wconf 82' lang='lat' dir='ltr'><strong>sen-</strong></span> <span class='ocrx_word' id='word_1_411' title='bbox 727 4104 824 4139; x_wconf 80' lang='lat' dir='ltr'><strong>caesum</strong></span> <span class='ocrx_word' id='word_1_412' title='bbox 846 4092 946 4169; x_wconf 74' lang='lat' dir='ltr'><strong>videri,</strong></span> <span class='ocrx_word' id='word_1_413' title='bbox 974 4099 1002 4140; x_wconf 88' lang='lat' dir='ltr'><strong>at</strong></span> <span class='ocrx_word' id='word_1_414' title='bbox 1023 4090 1088 4139; x_wconf 88' lang='lat' dir='ltr'><strong>libet</strong></span> <span class='ocrx_word' id='word_1_415' title='bbox 1112 4100 1264 4153; x_wconf 83' lang='lat' dir='ltr'><strong>argumenta</strong></span> 
     </span>
     <span class='ocr_line' id='line_1_45' title="bbox 147 4151 1262 4253; baseline 0.007 -40"><span class='ocrx_word' id='word_1_416' title='bbox 147 4177 205 4214; x_wconf 82' lang='lat' dir='ltr'><strong>snm</strong></span> <span class='ocrx_word' id='word_1_417' title='bbox 217 4165 329 4253; x_wconf 80' lang='lat' dir='ltr'><strong>dirigas.</strong></span> <span class='ocrx_word' id='word_1_418' title='bbox 347 4167 392 4216; x_wconf 89' lang='lat' dir='ltr'><strong>ille</strong></span> <span class='ocrx_word' id='word_1_419' title='bbox 404 4168 509 4233; x_wconf 87' lang='lat' dir='ltr'><strong>quidem</strong></span> <span class='ocrx_word' id='word_1_420' title='bbox 525 4168 558 4217; x_wconf 89' lang='lat' dir='ltr'><strong>dc</strong></span> <span class='ocrx_word' id='word_1_421' title='bbox 576 4176 685 4231; x_wconf 88' lang='lat' dir='ltr'><strong>paterna</strong></span> <span class='ocrx_word' id='word_1_422' title='bbox 725 4151 877 4233; x_wconf 79' lang='lat' dir='ltr'><strong>conquira&#39;re</strong></span> <span class='ocrx_word' id='word_1_423' title='bbox 888 4168 915 4216; x_wconf 89' lang='lat' dir='ltr'><strong>in</strong></span> <span class='ocrx_word' id='word_1_424' title='bbox 927 4165 1138 4235; x_wconf 71' lang='lat' dir='ltr'><strong>rem,quas1tum</strong></span> <span class='ocrx_word' id='word_1_425' title='bbox 1150 4168 1262 4235; x_wconf 84' lang='lat' dir='ltr'><strong>primum</strong></span> 
     </span>
     <span class='ocr_line' id='line_1_46' title="bbox 147 4234 968 4309; baseline 0.004 -18"><span class='ocrx_word' id='word_1_426' title='bbox 147 4236 265 4303; x_wconf 77' lang='lat' dir='ltr'><strong>pecunia</strong></span> <span class='ocrx_word' id='word_1_427' title='bbox 277 4242 423 4308; x_wconf 73' lang='lat' dir='ltr'><strong>transigere</strong></span> <span class='ocrx_word' id='word_1_428' title='bbox 440 4258 493 4294; x_wconf 87' lang='lat' dir='ltr'><strong>non</strong></span> <span class='ocrx_word' id='word_1_429' title='bbox 513 4234 685 4309; x_wconf 60' lang='lat' dir='ltr'><strong>patritianis</strong></span> <span class='ocrx_word' id='word_1_430' title='bbox 725 4236 907 4308; x_wconf 79' lang='lat' dir='ltr'><strong>statueremus,</strong></span> <span class='ocrx_word' id='word_1_431' title='bbox 918 4248 968 4294; x_wconf 82' lang='lat' dir='ltr'><strong>&amp;c</strong></span> 
     </span>
    </p>
   </div>
   <div class='ocr_carea' id='block_1_7' title="bbox 0 0 1504 4850">
    <p class='ocr_par' dir='ltr' id='par_1_8' title="bbox 0 0 1504 4850">
     <span class='ocr_line' id='line_1_47' title="bbox 0 0 1504 4850; baseline 0 0"><span class='ocrx_word' id='word_1_432' title='bbox 0 0 1504 4850; x_wconf 95' lang='lat' dir='ltr'><strong> </strong></span> 
     </span>
    </p>
   </div>
  </div>
 </body>
</html>
