2984 4850
139 364 299 437 ,‚.0,-00‚]3
481 360 689 409 suusnrun
705 362 790 413 rulo.
812 364 891 410 xlv.
1155 350 1249 429 ‚1⁶8ss

140 505 499 593 peiaui,'colle2iaque,
523 522 601 588 qnae
623 512 737 571 contra
763 502 873 588 legesw
896 506 1114 586 instituerant,
1139 510 1249 577 disso-

141 611 231 675 lute:
255 609 441 684 Livineius,
467 613 502 678 ,et
516 608 573 691 qui
596 608 654 670 alii
683 608 879 672 seditionem
904 610 1127 689 conciverant,
1143 616 1248 681 exilio

141 710 306 774 mulctati¹
320 714 406 773 sunt.
560 720 564 726 ‘

184 812 239 899 18.
263 810 379 875 Motus
394 810 518 873 Senatu
538 814 571 872 et
587 808 714 873 Pedius
723 811 877 888 Blaesus,
894 812 1133 876 accusantibus
1148 811 1249 898 Cyre·
1346 848 1353 859 .

140 913 328 991 ‘irensibus'
345 917 356 945 ‘
373 912 532 975 violatum
554 913 597 974 ab
620 931 661 975 eo
688 914 879 976 thesaurum
904 915 1124 997 AEsculapli,²
1140 916 1250 981 delec-

142 1018 294 1095 tumque*
306 1014 487 1076 militarem
509 1013 613 1095 prelio
635 1018 668 1076 et
690 1015 871 1080 ambitione
887 1015 1097 1099 corruptum.’
1142 1008 1250 1083 Iidem

144 1112 350 1197 cyrenenses
378 1134 473 1180 reum
500 1115 643 1197 agebant
674 1114 825 1180 Acilium
851 1118 1059 1195 Strabonem,
1087 1118 1251 1185 Praetoria

143 1293 169 1341 is
176 1294 329 1352 decennium
345 1301 369 1344 et
380 1297 512 1356 societates,
527 1312 585 1359 quos
603 1297 738 1357 contrusus
754 1300 859 1361 legesque
876 1300 1058 1364 constituerunt,
1074 1300 1169 1350 ubolir'oe
1185 1310 1252 1355 sust.

144 1358 280 1415 Iaioeseius,
291 1361 361 1422 etqui
372 1361 416 1408 olii
426 1362 570 1409 dbcsrdism
580 1368 710 1422 moverem,
720 1364 793 1411 exilio
802 1366 909 1412 damnati
919 1370 981 1412 sunt.

175 1422 268 1472 Pedius
276 1425 372 1473 Blaeous
382 1426 456 1473 etium
465 1426 533 1473 curio
542 1427 631 1486 pulsus,
643 1428 798 1487 urguentibus
811 1430 990 1491 Cyrenensibus,
1006 1428 1139 1492 effregisse
1149 1432 1252 1481 thesau-

145 1500 202 1537 rum
212 1488 364 1549 AEsculapil,
382 1489 526 1551 ipsumque,
548 1490 657 1537 militem
674 1492 859 1553 conscripsisse

74 1624 78 1631 Ι
144 1557 237 1601 latum.
270 1552 348 1600 iidem
362 1552 506 1616 Cyrenenses
514 1552 694 1615 interrogabaut
705 1556 810 1605 Acilium
826 1507 966 1609 cerdonem
977 1557 1034 1618 jure
1047 1559 1159 1625 praetoris
1176 1575 1254 1625 rouro,

633 1754 638 1773 ,-
649 1717 756 1781 NOTAE

175 1860 192 1884 '¹
211 1851 393 1915 Collegium
409 1858 491 1901 contro
503 1853 577 1916 leges]
585 1852 681 1915 Legem
722 1860 750 1909 et
773 1856 866 1903 eximia
889 1857 955 1905 dona
978 1858 1174 1921 scivitatibus,
1194 1874 1253 1911 ruur

146 1931 246 1980 Solonis
263 1931 390 1992 respexit,
412 1930 487 1994 cujus
503 1932 584 1981 verba
605 1931 682 1980 Caius
722 1931 804 1993 pestis
832 1939 1000 1993 grassaretur.
1038 1936 1116 1983 Teste
1144 1938 1253 1987 Tertull.

145 2008 226 2058 refert
237 2009 263 2057 in
279 2015 396 2058 tractatu
416 2009 449 2056 de
462 2008 585 2072 collegiis
598 2010 682 2059 illicit.
722 2007 904 2071 ‘AEsculaplus
924 2010 994 2071 prius
1013 2011 1081 2073 apud
1095 2012 1254 2075 Epidaurum

146 2087 154 2113 ‘
166 2085 266 2148 Siquid
276 2074 396 2148 populus,
407 2086 446 2133 vel
458 2086 628 2148 contribules,
640 2086 682 2133 vel
719 2086 750 2144 ,in
762 2086 866 2137 Grecis
882 2089 1010 2152 cultus,'e
1028 2091 1128 2143 Graecis
1141 2099 1168 2140 et
1180 2092 1256 2141 Pelo·

146 2163 296 2211 sacerdotes
314 2162 453 2225 orgiornrn,
476 2164 517 2211 vel
534 2170 628 2225 nauta,
641 2164 682 2212 rel
722 2177 848 2225 ponneso,
863 2164 894 2211 ad
907 2165 1046 2228 Romanos,
1063 2167 1210 2219 aRomauis
1221 2167 1255 2220 ad

146 2255 240 2293 mensu
253 2237 422 2305 ejusdemque
438 2241 568 2303 sepulchri
580 2242 682 2304 particl-
722 2237 860 2289 Africanos
888 2246 915 2290 et
935 2240 1255 2306 Carthaginenses‚trans·
1284 2262 1288 2272 ·

147 2332 203 2381 pes,
213 2318 255 2368 vel
268 2316 381 2379 sodales,
393 2323 438 2370 aut
454 2318 487 2367 ad
504 2317 620 2380 predam
640 2318 682 2367 vel
723 2316 763 2365 iit.

144 2392 354 2465 negotiationem
374 2400 476 2458 euntes,
503 2400 548 2445 sut
576 2393 683 2459 aliquid,
758 2392 901 2442 l'lsesuurum
922 2392 1064 2457 AEsculopii]
1089 2392 1198 2458 Templa
1212 2408 1256 2444 ve·

148 2470 334 2520 constituerint
367 2471 451 2533 siurul,
484 2472 574 2524 bornru
600 2479 684 2524 ratum
724 2474 808 2519 terum
828 2468 1257 2533 refertadonariis,anro,ctdivi·

141 2560 216 2604 esse,
232 2545 309 2594 modo
321 2561 352 2595 ea
365 2561 417 2595 non
434 2553 562 2612 repugnet
584 2549 684 2612 legibus
725 2545 769 2597 tiis
791 2545 887 2594 multis.
931 2545 973 2594 Sic
995 2544 1109 2596 Annibal
1122 2545 1257 2620 templum

150 2637 195 2671 seu
206 2622 322 2672 decretis
333 2622 465 2686 publicis!
664 2650 667 2655 ·
724 2622 833 2672 lunonis
843 2622 956 2670 Laciniae
969 2622 1109 2686 expilavit;
1131 2623 1168 2670 sic
1177 2621 1257 2686 Sylla,

180 2704 194 2730 ¹
211 2698 427 2762 Exiliomulctots]
444 2697 530 2748 Antea
543 2700 631 2763 pulsus
646 2715 684 2750 or·
724 2697 796 2752 Asiae
822 2700 956 2748 universa.
990 2699 1033 2748 Sic
1056 2697 1144 2748 Caesar
1159 2699 1258 2761 templa
1324 2750 1327 2754 ,

146 2773 208 2834 diue
231 2773 384 2835 Livineius3
415 2789 484 2825 ntruc
506 2782 534 2825 et
557 2777 631 2840 urbe,
653 2784 685 2827 nt
725 2775 867 2824 Galliarum
887 2771 1022 2837 spoliavit':
1051 2775 1087 2823 sic
1108 2774 1168 2823 cliur
1189 2773 1258 2828 Tne·

151 2858 225 2913 puto,
237 2857 265 2901 et
276 2850 351 2906 Italia
363 2852 470 2915 pellitur
480 2867 538 2902 curu
549 2853 607 2903 aliis
617 2854 684 2902 sedi-
725 2867 816 2908 saurus
836 2853 964 2915 Apollinis
980 2851 1104 2914 Delphici
1126 2853 1227 2902 violatas
1243 2865 1259 2901 a

151 2926 228 2974 tionis
241 2926 400 2982 unctoribus.
725 2929 816 2994 Gallis,
827 2929 893 2977 duce
902 2929 1018 2978 Brenno.

183 3013 195 3047 l
212 3005 395 3069 Cyrenensibus]
412 3003 684 3068 Cyrenaics,pruvin-
722 3060 725 3064 ,
757 3013 768 3038 ⁸
785 3006 924 3069 Deiectum]
936 3007 1001 3056 Curu
1014 3004 1102 3069 copias
1115 3004 1259 3067 deligerent

153 3079 193 3130 cia
204 3081 297 3143 Libyes
316 3081 428 3142 regionis
448 3080 475 3128 in
485 3079 590 3130 Africa:
608 3080 685 3132 hodie
724 3081 750 3130 iu
762 3082 895 3145 provincia
906 3088 951 3131 aut
963 3081 1072 3130 civitate
1090 3079 1259 3142 aliqua,allos

153 3171 213 3220 pars
237 3157 410 3206 occidentalis
433 3156 504 3219 regni
532 3164 561 3206 et
588 3157 686 3206 deserti
725 3157 820 3218 pretio,
829 3157 891 3205 alios
904 3156 1019 3216 libidine,
1030 3156 1094 3204 alios
1106 3154 1204 3218 favore,
1215 3155 1261 3208 de·

154 3231 244 3295 Boreo,
269 3231 295 3279 io
315 3232 440 3280 Barbaria
459 3238 488 3282 et
508 3232 686 3294 Biledulgerid
726 3229 805 3281 lectui
817 3247 861 3280 seu
873 3231 973 3280 militiae
985 3231 1151 3280 existebant:
1170 3230 1260 3280 imbel-

155 3306 312 3370 regionibus.
343 3308 444 3370 Cyrene,
457 3307 520 3356 urbs
537 3308 688 3371 Cyrenaicae
728 3307 767 3358 les
780 3323 905 3372 senesque
923 3308 1083 3372 deligebant,
1102 3315 1131 3357 ut
1149 3308 1233 3370 pretio
1246 3323 1263 3358 a

147 3384 311 3447 provincie:
337 3383 413 3434 hodie
437 3385 549 3447 Cuirooa,
565 3385 689 3447 oppidum
729 3383 882 3446 propinquis
909 3383 1115 3450 redimerentur5
1140 3383 1261 3450 juvenes,

156 3459 230 3522 tegni
244 3459 338 3512 Barcae
351 3474 441 3509 versus
453 3474 534 3523 oram,
552 3461 578 3509 iu
593 3461 688 3512 Barba·
730 3467 760 3514 ut
777 3476 820 3512 eos
840 3467 932 3533 stupro
951 3461 1113 3525 polluerent:
1132 3460 1168 3508 sle
1191 3459 1261 3509 mille

149 3533 200 3600 tlt·
237 3535 359 3587 Memor.
730 3535 839 3586 fallendi
851 3536 929 3588 artes.

186 3617 196 3642 ²
215 3610 358 3660 Tbesoaram
367 3611 509 3676 AEscubpir]
521 3612 604 3662 Teste
615 3612 690 3669 Livio
762 3613 866 3662 Tacitus
879 3613 937 3662 lrist.
949 3627 985 3662 tv.
998 3616 1037 3660 ll.
1052 3611 1149 3667 ‘iussu
1161 3611 1262 3660 Vitellll

155 3685 173 3738 l.
201 3698 246 3738 ιι.
273 3686 372 3743 ‘Signa
394 3688 513 3737 inaurato
540 3688 603 3739 data
628 3696 689 3738 sunt
729 3687 1264 3760 Batavorumjuventusaddelectamus·

157 3763 315 3826 AEsculapio,
344 3766 494 3828 pestilentia
521 3766 641 3829 vigente,
662 3773 690 3814 et
731 3763 850 3827 cabatur,
875 3779 950 3828 quern
974 3771 1066 3832 suapte
1094 3771 1186 3816 natura
1208 3777 1264 3826 gra·

158 3838 253 3888 tabulae
266 3841 346 3903 pictae
359 3841 392 3890 ad
403 3851 523 3892 ornatum
535 3841 644 3902 templi!
656 3843 689 3892 Et
731 3854 798 3898 vern,
817 3840 960 3889 onerabant
979 3839 1089 3888 nrirristrl
1106 3839 1214 3888 auaritia
1232 3851 1262 3898 sc

157 3916 249 3968 Lm.
262 3917 270 3945 ‘
281 3917 361 3966 Hasd
373 3909 463 3981 parem
473 3918 565 3981 opibus
575 3917 689 3980 Epidau·
715 3968 718 3976 ⁸
730 3917 802 3976 luxu,
814 3930 887 3964 senes
902 3923 946 3965 aut
963 3916 1090 3964 invalidos
1112 3909 1264 3978 conquireuss

150 3982 223 4054 'sunu
239 3993 286 4041 sed
309 3993 434 4055 inclytam
454 3993 591 4056 AEscnlapii
610 3992 690 4042 nobili
731 3993 776 4053 do,
794 4007 856 4057 quos
875 3991 961 4056 pretio
982 3992 1161 4049 dimitterent3
1179 4001 1264 4037 rursus

149 4069 266 4134 ,templu
285 4068 354 4134 quod
375 4069 488 4142 quinque
508 4067 618 4123 suillibus
635 4081 692 4130 pat·
731 4068 850 4132 impubes
861 4069 906 4118 scd
918 4067 1001 4116 forma
1012 4065 1155 4131 conspicui,
1166 4067 1213 4118 dte.
1230 4063 1263 4116 ad

160 4157 231 4192 soum
254 4143 289 4192 sb
311 4142 394 4192 urbe!
433 4145 535 4192 Soteris
555 4143 692 4204 dabantur,
732 4151 851 4214 stuprum
863 4141 1060 4208 trahebantur-fl
1162 4146 1165 4150 '

162 4233 205 4275 ltu
216 4220 287 4272 dona
302 4235 351 4286 pro
369 4227 524 4285 recuperata
535 4214 693 4283 valetudiue,

904 1495 995 1545 ecunia
1012 1500 1040 1543 et
1054 1494 1149 1543 vt'avore
1169 1496 1252 1547 aulici·
1351 1526 1357 1537 .
1397 1488 1402 1499 ’
