2984 4850
172 414 304 481 autu]
518 408 723 461 anntnruu
748 411 821 461 unt.
844 410 926 462 xvr.
1177 397 1265 464 2053

174 558 352 622 sententias
374 556 529 640 judicum
550 557 782 639 opperiebatur
802 557 894 621 licto⁸
913 576 1049 641 pavore.
1093 555 1138 620 Et
1165 555 1264 637 plebs

171 656 301 737 quidem
324 656 466 733 urbis,⁷b
500 657 695 719 histrionum
717 677 848 739 quoque
875 664 987 739 gestus
1009 659 1129 741 J‘uvare
1155 654 1264 730 solita,

171 759 367 837 personabat
387 758 485 821 certis
506 756 616 819 modis
639 758 824 841 plausuque
849 758 1061 843 composito.e
1105 754 1264 854 Crederes

170 962 229 1011 atem
238 964 368 1024 adoram
375 962 511 1025 expectabat
521 961 761 1021 smteatiusjttdt'cam
769 962 879 1011 uastata
888 966 961 1011 meta.
995 963 1030 1010 Et
1043 961 1138 1023 quidem
1144 958 1266 1023 plebecula

170 1026 256 1075 urbana
273 1028 398 1075 minutum
409 1026 482 1075 ctiam
498 1030 581 1085 gestus
593 1026 705 1083 adjuvare
716 1031 791 1089 sueta,
809 1030 945 1075 concentum
962 1024 1230 1088 metumientem
1240 1030 1264 1072 et

626 1168 773 1187 OOOOOOOOO
776 1168 805 1187 u

169 1274 194 1323 in
212 1274 264 1324 Ms.
275 1274 343 1324 Flor.
354 1275 463 1339 aliisque
473 1275 545 1323 libris
557 1275 661 1338 scriptis
678 1280 705 1323 et
717 1281 778 1324 aute
789 1276 875 1325 editis.
891 1269 1048 1327 Brotean—'v
1064 1275 1108 1326 Sic
1120 1276 1186 1325 hene
1197 1274 1263 1324 Mss.

168 1338 228 1403 Reg.
240 1340 320 1389 Corb.
332 1340 414 1389 editio
425 1340 547 1403 princeps
566 1345 594 1389 et
611 1339 778 1389 recentiores.
811 1340 844 1389 In
855 1342 919 1390 Mes.
932 1340 1006 1391 Harl.
1018 1341 1094 1393 Bodl.
1104 1341 1158 1391 les.
1173 1344 1202 1389 et
1212 1338 1265 1387 Pu·

662 1470 772 1521 NOTAE

168 1592 226 1629 nem
237 1580 357 1644 precise,
366 1582 434 1645 quod
446 1583 615 1652 colluvionem
626 1584 696 1632 illam
736 1589 799 1647 guat
810 1583 843 1633 ab
854 1583 904 1634 alia
915 1581 992 1646 plebe
999 1580 1155 1642 subrustice,
1166 1592 1266 1642 severa,

169 1654 290 1705 adoraret
300 1648 367 1719 genu
378 1654 603 1720 flexus,ethabitu
615 1658 697 1706 citha·
736 1663 764 1707 et
775 1660 886 1721 integra,
898 1674 955 1723 quse
967 1656 1124 1707 adveniebat
1135 1671 1149 1705 e
1160 1656 1266 1705 remotis

171 1731 244 1781 roedi.
736 1734 892 1796 municipiis,
910 1736 1070 1797 ‘severaque
1081 1732 1267 1795 etincorrupta

199 1805 276 1857 Quod
287 1820 380 1868 nempe
388 1813 558 1857 veneraretur
569 1808 696 1857 sordidam
737 1808 832 1870 Italia,'
843 1815 870 1857 et
881 1808 942 1857 talis
951 1807 1066 1857 lasciviae
1078 1808 1222 1869 inexperta.

166 1880 237 1929 illam
249 1881 361 1944 plebem,
369 1898 426 1947 quse
435 1881 560 1946 flagitium
572 1884 698 1947 principis
769 1889 781 1915 ⁰
798 1883 877 1931 Certis
887 1883 972 1944 modis,
984 1884 1113 1945 plausuque
1132 1880 1268 1943 compotus]

169 1962 197 2005 et
207 1955 322 2005 dedecus
339 1958 449 2019 Reipult.
465 1972 516 2006 uon
527 1960 643 2019 curabat,
654 1959 699 2007 irn-
736 1954 788 2005 Ars
808 1958 885 2018 enim,
901 1958 923 2005 si
942 1958 1000 2006 Diis
1020 1958 1116 2021 placet,
1132 1957 1267 2018 utriusque

167 2043 210 2079 mo
232 2037 261 2079 et
281 2031 414 2081 incitabat.
452 2035 545 2097 Neque
565 2035 632 2083 euim
654 2034 699 2084 illa
738 2034 795 2083 rei:
813 2033 981 2096 acclamandi,
992 2041 1020 2082 et
1032 2031 1181 2095 plaudendi.
1213 2031 1267 2080 Ita·

167 2110 301 2158 veneratio
312 2112 447 2173 spectabat
459 2113 491 2161 ad
508 2113 642 2176 primores,
654 2118 699 2161 aut
738 2124 788 2172 que
800 2109 881 2173 addit,
891 2110 899 2137 ‘
911 2124 968 2158 cum
988 2108 1107 2158 manibus
1125 2106 1218 2155 nesciis
1229 2104 1267 2155 fa·

169 2182 301 2249 Senatum,
322 2192 368 2235 aut
389 2185 423 2235 ad
448 2188 573 2251 optimam
597 2194 697 2251 partem
738 2186 873 2249 tiscerent,
881 2186 1016 2235 turbarent
1028 2184 1140 2249 gnaros?

167 2260 275 2321 populi;
311 2275 370 2309 nam
399 2262 445 2311 hos
475 2271 547 2313 certe
569 2265 699 2314 hostiliter
729 2300 734 2309 ,
771 2262 803 2311 In
820 2262 908 2311 edicto
923 2261 1077 2312 'theodorici
1094 2260 1163 2323 regis
1178 2258 1267 2321 adpo·

170 2334 337 2384 aversabatur
345 2337 427 2399 Nero,
436 2346 467 2388 ut
477 2340 638 2389 notissimum
650 2346 698 2389 est.
739 2339 828 2400 pulum
839 2338 913 2387 Rom.
923 2336 967 2385 lib.
980 2349 1000 2385 t.
1011 2335 1111 2384 variar.
1135 2334 1269 2383 Cassiodo-

201 2410 424 2478 Mututottterattts]
451 2415 523 2465 Suet.
545 2414 637 2464 Claud.
659 2420 699 2468 12.
740 2414 779 2462 ri:
807 2413 920 2461 ‘Soletis
940 2411 1002 2460 aiira
1026 2410 1110 2474 ipsum
1138 2407 1267 2458 mellifluis

168 2485 176 2512 ‘
200 2487 398 2548 Cognitionibus
431 2491 639 2553 magistratuum,
672 2501 700 2543 ut
743 2488 853 2552 implere
868 2489 1034 2550 clamoribus,
1045 2493 1073 2537 et
1084 2501 1135 2535 uno
1151 2500 1213 2536 sono
1231 2485 1268 2534 di-

169 2575 236 2610 unus
249 2563 280 2611 de
290 2564 451 2628 consiliariis,
460 2565 610 2630 frequenter
621 2569 699 2618 inter·
740 2577 810 2625 cere,
823 2563 890 2627 quod
907 2564 978 2626 ipsas
996 2578 1097 2626 quoque
1114 2562 1213 2611 beiiuti
1226 2562 1270 2610 (ie-

166 2635 229 2686 fuit.
262 2639 297 2686 Et
311 2639 416 2688 eosdem
435 2643 585 2704 spectacula
595 2642 700 2692 edentes
740 2639 929 2700 lectetandire,
948 2646 976 2687 et
992 2637 1115 2702 profertis
1134 2653 1212 2688 voces
1229 2655 1270 2688 or·

143 2709 149 2717 '
168 2724 279 2775 surgens
300 2720 327 2762 et
348 2715 405 2776 ipse
426 2731 485 2765 cum
504 2723 593 2766 cetera
614 2718 700 2781 turba,
740 2730 807 2777 gano
822 2716 967 2776 dulciores;
993 2721 1021 2763 et
1037 2714 1075 2763 ita
1091 2713 1139 2763 suh
1158 2714 1269 2778 quadam

167 2799 235 2837 voce
247 2802 278 2836 ac
289 2804 365 2838 manu
375 2798 513 2841 veneratus
522 2799 572 2842 est.
740 2791 985 2839 harmoniacitharae
993 2799 1133 2839 concavam
1141 2790 1271 2840 theatrum

201 2870 214 2897 ⁸
231 2865 312 2927 Ficta]
334 2867 384 2914 Vel
395 2868 488 2930 reipsa,
499 2869 539 2917 vel
551 2883 598 2932 per
608 2875 700 2931 artem,
741 2881 789 2930 per
805 2882 849 2916 vos
866 2873 978 2925 resonat,
988 2873 1018 2914 ut
1037 2872 1111 2915 tonos
1122 2867 1204 2929 possit
1215 2868 1270 2931 qui·

123 2996 126 3002 ,
168 2940 203 2990 de
230 2949 327 2991 eventu
345 2943 438 3006 judicii
464 2945 630 3007 trepidabat:
663 2949 700 2996 sie
740 2943 807 2991 libet
818 2942 932 2997 credere,
944 2957 1020 3004 quant
1031 2942 1175 2990 clamores?
1204 2986 1207 2992 ,

168 3013 241 3066 nist.
253 3029 272 3067 r.
284 3023 324 3066 69.
357 3019 500 3068 ‘Claudius
519 3022 614 3070 Cossus
633 3037 699 3070 unus
773 3016 936 3065 Modnlatum
953 3017 1022 3064 hunc
1050 3019 1199 3075 clamorem,
1219 3033 1271 3066 cett-

167 3105 201 3140 ex
218 3093 312 3154 legatis
323 3099 384 3141 nota
394 3092 525 3155 facundia,
535 3097 581 3144 sed
597 3096 700 3144 dicendi
739 3096 834 3138 centum
851 3091 968 3152 appellat
989 3091 1088 3139 Plinius
1107 3090 1133 3144 in.
1153 3092 1272 3156 Panegy-

168 3171 253 3216 artcm
275 3175 336 3231 apta
358 3169 532 3231 trepidatione
557 3172 700 3229 occultans,
741 3165 812 3212 rico:
830 3167 884 3212 ‘Et
895 3166 1003 3226 populus
1022 3166 1125 3227 quidem
1134 3165 1211 3216 Rom·
1227 3167 1272 3216 tie⁶

169 3248 250 3306 atque
262 3257 293 3290 eo
304 3243 423 3307 validior,
433 3244 522 3292 militis
533 3245 643 3294 animum
656 3246 699 3294 mi·
741 3241 837 3288 lectum
854 3240 998 3303 principum
1015 3248 1112 3302 servat,
1122 3249 1273 3308 quantoque

169 3317 297 3382 tigerit&
742 3317 820 3380 paulo
829 3325 889 3364 aute
900 3326 1028 3367 concentu
1037 3317 1175 3368 formosum
1184 3320 1272 3382 alium,

205 3393 276 3442 Ficta
289 3395 386 3457 pauore]
413 3395 499 3444 Instar
517 3395 626 3446 hominia
649 3413 701 3447 me.
740 3391 984 3440 huncfortissimum
1002 3404 1132 3455 personat.
1165 3395 1273 3444 Diovo·

169 3471 278 3531 tuentis,
289 3472 361 3534 quasi
373 3472 407 3520 de
415 3471 510 3534 judicii
521 3481 616 3521 eventu
628 3474 701 3522 dnbi-
742 3475 794 3529 cat,
814 3466 934 3530 Bituitum
955 3463 1050 3529 iudom,
1073 3471 1099 3518 in
1122 3471 1272 3521 Pertinace.

170 3549 257 3595 taret:
276 3546 397 3608 pavebat,
407 3561 453 3595 seu
465 3562 560 3610 pavere
577 3548 701 3612 fingebat,
741 3545 846 3606 Lt'psias.
894 3567 899 3578 ·

169 3626 201 3668 ttt
219 3620 257 3668 sic
279 3629 359 3670 artem
381 3628 461 3670 totam
480 3624 648 3685 exprimeret,
659 3640 701 3673 ve·
774 3621 867 3682 Medis]
889 3621 962 3669 Suet.
977 3623 1040 3670 Ner.
1067 3623 1170 3672 ‘Divisi
1181 3623 1208 3671 in
1219 3621 1273 3672 fac·

171 3707 280 3760 rumque
299 3697 423 3745 artificem
443 3697 479 3745 sic
493 3713 520 3746 se
537 3699 702 3760 approbaret.
741 3695 825 3744 tiones
834 3696 967 3758 plausuum
977 3711 1072 3757 genera
1083 3699 1275 3762 condiscerent,

170 3770 272 3832 Supra:
299 3775 420 3835 ‘aequum
439 3774 561 3844 adversus
581 3777 703 3823 aemulos!
743 3785 900 3835 operamque
922 3781 1049 3820 navarent
1067 3774 1183 3822 cantanti
1200 3772 1249 3821 sihi
1257 3779 1273 3834 ς’

171 3845 251 3908 Apud
261 3847 333 3897 Suet.
350 3850 486 3899 ‘Quantus
499 3850 593 3898 artifex
606 3852 703 3913 pereo,’
743 3860 845 3908 nempe,
857 3860 920 3894 voce
940 3847 1098 3909 plaudebant
1108 3856 1135 3894 et
1146 3845 1272 3896 manibus.

170 3920 303 3984 inquiebat
320 3923 385 3984 lpse,
396 3938 489 3986 nempe
501 3940 558 3972 curn
569 3926 704 3975 damnatus
744 3924 803 3972 Jam
825 3921 885 3969 olim
907 3923 998 3971 Cicero
1015 3924 1116 3972 dixerat
1138 3921 1216 3983 epist.
1238 3922 1272 3970 ad

171 4009 188 4044 a
205 3997 302 4046 Senatu
323 4003 400 4060 esset,
411 4001 451 4046 vel
467 4000 493 4048 id
508 4000 585 4048 etiam
601 4001 702 4050 histrio·
746 3997 804 4045 Att.
816 3998 950 4046 1.xv1.1t.
966 4002 974 4024 ‘
991 3998 1115 4060 Populum
1129 3999 1272 4046 Romanam

92 4073 96 4084 ’
171 4069 240 4118 nice
250 4073 313 4118 attis
325 4072 384 4121 fnit.
742 4087 894 4121 manussuas
903 4087 954 4121 uon
962 4074 987 4121 iu
995 4069 1160 4120 defendenda
1168 4071 1271 4134 Repuh.

206 4143 220 4178 δ
238 4147 323 4209 Urbis]
358 4149 394 4197 Ut
411 4163 468 4198 esur
483 4151 582 4199 scillcet
601 4151 702 4215 plebem
742 4149 786 4198 sed
799 4149 824 4197 iu
834 4148 982 4212 plaudendo
992 4145 1159 4197 consumere?

172 4219 299 4273 arhmam
318 4229 465 4288 corruptam
482 4223 590 4290 flagitiis
611 4225 703 4276 distin·
