2984 4850
182 314 320 380 nean]
542 310 750 361 sussurim
775 310 849 360 nra.
872 310 938 359 xv.
1185 294 1287 361 1991

180 456 329 530 domum,
355 456 583 517 testamentum
607 451 817 534 obsignavit3
839 438 1004 535 prointum
1019 451 1142 535 vagina
1167 428 1286 538 pigro-

179 576 268 633 nem,
291 555 332 617 de
348 574 414 638 quo
427 572 530 635 snpra
553 555 661 633 retuli,
683 557 877 619 ‘vetustate
891 542 1053 619 obtdsum’
1064 560 1078 589 ⁰
1100 556 1286 639 increpans,

180 656 360 739 ‘asperari
375 674 461 719 saxo
474 663 508 719 et
528 656 574 719 in¹
598 676 786 734 mucronem
802 654 990 721 ardescere'
1010 656 1122 739 jussit,
1147 675 1286 740 eamque

180 776 297 823 curam
310 757 428 820 liberto
453 755 594 819 Milicho
617 758 798 821 mandavit.
843 755 950 820 Simul
974 754 1161 821 affluentius
1185 756 1285 821 solito

179 857 372 923 convivium
395 858 526 921 initum:
549 876 720 922 servorum
735 857 900 921 carissimi
924 856 1074 921 libertate
1093 862 1127 921 et
1141 857 1199 923 alii
1225 877 1287 941 pe·

179 960 282 1031 cunia
294 951 424 1022 donati:
445 965 545 1041 atque
560 960 631 1041 ipse
645 964 787 1023 moestus
801 965 835 1023 et
849 977 978 1041 magnes
994 958 1203 1039 cogitationis
1216 977 1287 1023 ma·

178 1058 334 1121 nitestnsp
353 1064 435 1147 erat,
458 1060 612 1142 quamvis
626 1059 794 1126 laetitiem²
809 1059 941 1139 regist
957 1058 1167 1123 sermonibus
1183 1058 1286 1121 simu·

177 1158 272 1223 leret.
318 1159 493 1225 Postremo
520 1161 734 1225 ‘vulneribus
749 1161 936 1242 ligamento,
954 1158 1144 1243 quibusque
1159 1158 1286 1225 sistitur.

179 1386 234 1420 ceno
250 1372 354 1422 Aatosio
371 1373 469 1437 Nouio,
484 1375 540 1425 dcis
550 1390 659 1424 reosrsss
668 1376 772 1434 muers,
790 1388 912 1437 ssprm
928 1372 1022 1422 lobolm
1036 1374 1141 1435 annulo,
1159 1388 1204 1423 sen
1215 1374 1286 1435 sigeo

180 1436 301 1492 mictu
316 1443 340 1485 et
357 1443 490 1487 extructum
508 1440 596 1500 rogiae
612 1440 748 1501 pogiorrem,
766 1440 795 1487 cle
815 1453 858 1500 qao
874 1452 945 1500 aspro
963 1438 1099 1499 minorem,
1116 1436 1287 1487 diuturnitate

180 1500 308 1561 temporis
318 1499 469 1551 hebetatum
479 1517 530 1551 esse
542 1517 648 1565 mm,
666 1503 725 1551 aeui
735 1508 804 1564 cote,
815 1502 949 1565 aciemque
960 1501 1009 1561 das
1019 1501 1219 1563 excitarijossil.
1252 1502 1287 1551 Et

179 1577 324 1612 mesmes
333 1566 398 1613 dedit
411 1565 511 1615 Milicho
523 1566 615 1617 libcno.
647 1565 725 1614 Simul
741 1566 911 1630 splendidiores
928 1567 1011 1628 epulo,
1029 1580 1099 1627 quoin
1116 1566 1213 1629 soleto,
1229 1568 1287 1615 cele·

180 1624 273 1675 breim
289 1626 479 1691 dilectissimique
490 1643 609 1678 meorum
619 1629 738 1690 libertale,
758 1630 803 1677 otii
813 1628 894 1693 opiter
904 1628 982 1677 oseti
994 1637 1070 1677 sunt:
1088 1635 1159 1692 etque
1167 1630 1217 1693 ipse
1229 1631 1285 1679 tris·

180 1691 216 1737 tie
225 1694 250 1738 et
257 1690 472 1753 proludicosrsilii
478 1699 610 1756 sosimas
619 1698 680 1754 ool,
767 1708 821 1741 nom
837 1694 905 1755 mgis
913 1693 1020 1755 olloqriiis
1027 1694 1143 1753 goudium
1153 1693 1288 1755 proferret.

179 1753 284 1803 Deorum
298 1756 411 1820 precipit
423 1758 498 1807 eidem
508 1756 620 1820 Milicho,
637 1762 668 1806 nt
704 1758 839 1822 inponeret
853 1755 980 1821 fomenta,
995 1756 1086 1821 quibus
1097 1764 1220 1807 curantur
1232 1759 1287 1806 vul·

644 1914 823 1936 ”nnuma

213 2021 227 2065 1
246 2016 450 2069 transertos.
468 2020 532 2083 Reg.
550 2019 630 2069 editio
646 2021 769 2085 princeps
783 2024 811 2069 et
831 2020 999 2071 recentiores.
1030 2021 1095 2070 Mes.
1114 2020 1188 2072 Harl.
1207 2020 1288 2071 Bodl.

178 2079 236 2131 Jes.
246 2088 274 2131 et
286 2082 444 2133 Puteolanos
459 2086 568 2134 omisere
583 2084 854 2150 praepositionem-2
871 2085 922 2135 Me.
940 2086 1006 2149 lieg.
1027 2085 1205 2139 licentiam—,³
1224 2084 1289 2137 cod.

676 2254 788 2305 NOTAE

177 2388 239 2443 guin
250 2394 395 2443 sermonem
405 2396 465 2432 corn
476 2383 583 2433 Natali?
753 2384 814 2433 cbns
833 2384 891 2432 Rex
901 2380 1090 2447 cogitabundus
1108 2378 1237 2430 deliberat
1254 2380 1288 2431 de

198 2495 202 2498 .
214 2455 274 2504 Nisi
285 2456 354 2506 forte
364 2465 424 2522 post
436 2472 579 2507 sermonem
589 2457 658 2507 domi
670 2459 713 2506 ba·
754 2458 883 2508 tradendo
905 2458 1037 2523 iugurtha
1059 2456 1195 2506 Romanis:
1212 2455 1286 2505 ‘Sed

178 2528 274 2591 bitum,
288 2531 414 2582 scavinus
425 2532 549 2582 Natalem
565 2531 636 2582 foras
646 2539 675 2582 et
686 2533 713 2581 in
753 2542 831 2584 nocte
841 2547 881 2595 es,
889 2547 946 2598 quoa
959 2533 1077 2596 proxime
1086 2530 1137 2580 fuit
1148 2529 1288 2582 antediem

178 2604 313 2668 publicum
325 2607 464 2658 comitatus
472 2608 517 2671 sit,
526 2608 587 2663 dein
595 2623 716 2671 regressu
755 2610 883 2674 colloquio
904 2609 1048 2671 decretum,
1076 2607 1193 2670 Maurus,
1208 2607 1289 2672 (Boc-
1382 2625 1385 2630 ·

178 2679 373 2730 imminerit.
755 2683 830 2750 chus)
858 2684 980 2735 adhibitis
1008 2683 1113 2746 amicis,'
1134 2697 1166 2732 ac
1198 2683 1289 2733 statim

212 2755 514 2807 vetnnifortesimutin
521 2758 716 2823 porticnproxi·
755 2761 893 2811 immutata
903 2761 1048 2820 voluntate,
1062 2758 1169 2808 remotis
1187 2758 1291 2820 ceteris,

179 2843 224 2878 me
235 2830 323 2894 aliqua
334 2831 458 2881 collocuti
466 2833 528 2894 sint,
535 2835 614 2882 eutin
622 2824 715 2896 bortis,
755 2838 852 2887 dicitur
860 2853 947 2887 secum
956 2837 1012 2900 ipse
1020 2836 1129 2884 multum
1139 2834 1289 2896 agitavisse,

180 2904 251 2966 qnod
262 2906 448 2956 animadvertit
459 2918 576 2970 preveat
584 2910 716 2974 ingeniosa
756 2915 839 2975 vultu,
856 2914 951 2972 colore,
970 2925 1001 2959 ac
1012 2917 1084 2959 motu
1096 2908 1212 2972 corporis
1224 2908 1291 2970 pari·

179 2978 208 3026 in
218 2980 314 3029 malum
332 2979 448 3043 firmina,
465 2984 533 3032 unde
544 2999 665 3046 recreasse
674 2987 715 3034 do·
757 2993 799 3037 ter
810 2994 890 3051 atque
902 2983 1163 3046 uniuersumque
1179 2981 1291 3044 scilicet,

179 3068 245 3102 meo
258 3055 391 3120 Scevinos,
411 3054 509 3108 ferrum
527 3058 614 3122 parari
628 3059 718 3122 jussit,
757 3069 863 3114 tecente
874 3063 940 3125 ipso,
950 3061 1063 3122 occulta,
1072 3060 1122 3110 oris
1133 3057 1290 3108 immutatio·

180 3131 322 3195 epulasque
331 3132 482 3197 celebravit,
493 3141 522 3184 et
531 3140 715 3184 testamentu
756 3151 789 3187 ne
797 3135 973 3201 patefecisse!

179 3205 336 3271 obsignavit.
405 3207 408 3213 '
789 3215 890 3263 contra
911 3211 998 3262 Tacit.
1017 3209 1289 3260 xo.dl.deSenecs:

213 3287 226 3312 ⁰
257 3282 383 3348 Oblseaso]
410 3285 491 3334 Forte
511 3285 630 3349 rubigine
649 3286 716 3336 obsi·
755 3288 901 3337 ‘'l'ribtrnus
923 3287 994 3336 nnita
1009 3286 1110 3350 pavoris
1127 3287 1208 3350 signa,
1226 3285 1291 3335 nibil
1355 3331 1357 3335 .

180 3361 254 3418 tuen
271 3360 359 3423 sicque
378 3361 524 3411 obstrusum
543 3363 714 3428 obtusumqne
756 3364 832 3414 triste
844 3362 870 3410 in
881 3362 968 3412 verbis
979 3363 1043 3424 ejus,
1058 3368 1104 3411 ant
1115 3363 1188 3411 voltu
1198 3361 1290 3426 depre-

180 3435 429 3486 ctbcbetatnm-fuit
437 3453 546 3488 acumen
558 3437 632 3490 ferri.
741 3438 861 3508 'hensnm
871 3435 1054 3488 confirmavit!

212 3513 716 3580 'Mogmcogitotiosisorosifestffle-
789 3515 825 3564 Et
845 3513 893 3563 lib.
914 3526 973 3562 xvr.
995 3511 1038 3562 ubi
1057 3513 1091 3562 de
1113 3513 1228 3562 Thrasea
1248 3517 1290 3563 td.

180 3599 248 3636 neca
258 3588 285 3637 in
294 3591 477 3640 Controversia
488 3607 513 3642 v.
526 3593 542 3641 t.
552 3607 585 3642 rr.
603 3593 717 3656 ‘'Pyren-
756 3588 889 3639 ‘Maxime
908 3588 1024 3637 intentus
1041 3589 1174 3640 Demetrio
1186 3589 1291 3654 Cynico

180 3676 229 3712 uus
248 3665 462 3730 suspicionem,
480 3668 595 3732 siveisti
615 3668 716 3732 aliquid
757 3663 929 3715 institutionis
958 3663 1075 3714 doctori:
1101 3680 1159 3714 oum
1181 3679 1240 3729 quo,
1260 3671 1292 3717 ut

180 3739 733 3806 excidit,sivemugnoeonsilissnonbene¹
758 3741 907 3804 conjectare
936 3745 994 3789 erat
1023 3739 1167 3790 intentione
1194 3740 1293 3802 vultus,

178 3815 269 3864 vultus
280 3817 363 3879 tegit!
385 3819 490 3880 Lipsius.
757 3817 808 3866 &c
826 3815 969 3866 denatura
989 3814 1090 3876 anima,
1108 3817 1158 3864 &c
1178 3812 1292 3878 iuquire-¹

215 3890 387 3957 Cogitationis]
410 3895 500 3958 Magni
525 3901 615 3945 motus
638 3895 718 3945 animi
756 3893 819 3943 bat’

180 3965 356 4028 conjiciuntur
375 3968 574 4035 inferunturqne
590 3972 716 4034 exsulta,
789 3977 802 4011 ⁴³
824 3967 909 4032 Vogie]
925 3967 1048 4029 Incertis,
1061 3965 1128 4016 male
1139 3963 1291 4028 coherenti·

179 4043 307 4106 motuque
333 4058 379 4092 seo
407 4051 482 4108 gestu
507 4046 632 4110 corporis.
671 4047 716 4102 Sic
757 4045 816 4108 bus,
835 4043 1017 4108 intempestive
1039 4039 1155 4105 promtis,
1172 4045 1200 4096 et
1217 4039 1291 4106 quasi

182 4116 254 4180 apud
271 4116 422 4168 Sallustium
433 4119 502 4170 bello
513 4121 578 4185 lug.
595 4121 639 4171 nbi
650 4123 717 4171 Boe·
757 4122 829 4174 eliud
840 4121 979 4186 conitensis
987 4118 1105 4172 hominis.
