2984 4850
275 322 364 391 1782
626 338 669 391 o.·
682 341 866 397 coenatur
889 344 1017 396 ututur
1214 354 1265 420 [a
1276 358 1372 411 uere.

268 462 416 541 'traditio
430 482 573 547 quorum
591 463 716 551 fulgore
729 470 967 553 prrrestringor,5
982 468 1072 557 qnod
1093 476 1251 559 temporie
1264 476 1372 548 torto

273 583 346 629 mm
375 571 433 629 aut
453 566 605 633 villarum
631 588 719 634 curae
750 574 934 655 seponitur,
962 575 998 637 in
1026 576 1173 639 animum
1195 581 1371 648 revocabo.

274 664 434 749 Superest
447 665 509 732 tibi
523 670 631 748 robur,
655 675 689 735 et
712 674 763 735 tot
784 691 845 755 per
864 692 968 739 munos
990 675 1106 739 nixum
1130 676 1372 765 iastigio⁶regi

272 784 364 843 rnen:
387 788 564 851 possumus
584 773 731 837 seniores
751 771 873 838 amicid
886 777 1032 859 quieti⁷·
1044 779 1253 861 respondere.
1297 779 1371 849 Hoc

272 952 419 1018 conjiciam,
438 956 485 1005 aed
496 959 675 1019 concessistis,
694 974 802 1025 quornm
813 959 951 1026 splendore
962 964 1067 1028 obruor,
1083 967 1118 1015 ad
1128 972 1245 1016 maten
1252 981 1329 1017 urar
1337 984 1373 1019 re-

271 1014 364 1077 feram,
373 1026 497 1083 qrmntnm
509 1025 632 1086 temporis
642 1026 894 1088 inpenoitmonttni
908 1031 1042 1079 bertmnm
1052 1040 1098 1080 aar
1108 1032 1280 1095 prediorum.
1309 1034 1372 1097 finp-

271 1087 365 1145 petunt
382 1084 429 1131 tibi
441 1084 519 1147 vires,
531 1094 558 1135 et
570 1094 609 1137 tot
620 1090 693 1137 annis
704 1091 929 1155 stabilitaimperii
941 1094 1145 1155 administrati03
1157 1097 1214 1159 jam
1223 1096 1291 1144 noto
1362 1125 1372 1137 ·

272 1146 360 1196 diores
372 1154 437 1197 nutu
446 1149 522 1198 amici
541 1152 654 1215 quietem
666 1156 820 1216 promittere
834 1171 964 1219 mmmm.
998 1158 1030 1207 Id
1047 1174 1149 1223 qnoque
1166 1161 1192 1209 in
1210 1164 1286 1209 tunm
1315 1176 1371 1212 ecus

731 1290 909 1312 §eumenen

270 1362 330 1413 libri
345 1378 441 1417 omnes.
474 1368 569 1418 Mallet
585 1370 674 1421 Cunne
693 1374 799 1438 icterus,
820 1379 989 1440 maefflngrrr
1008 1380 1148 1444 placetque
1163 1380 1288 1444 Ernesto,
1306 1382 1371 1445 quod

270 1427 328 1477 bec
338 1430 418 1479 verba
429 1432 455 1480 in
468 1432 532 1483 Mas.
541 1448 611 1498 crepe
620 1389 823 1490 confunduntur.
843 1444 948 1495 Bretier.
980 1444 1094 1493 Omnino
1103 1446 1263 1507 promam
1268 1448 1370 1509 rectior,

270 1493 339 1605 qpod
357 1500 384 1541 et
401 1495 506 1558 Bipont.
517 1512 649 1562 recepere.
678 1503 809 1554 oret-o
825 1506 919 1555 Nireum
930 1506 1033 1566 fenicis·
1049 1512 1163 1570 regimen.
1195 1511 1240 1559 Sic
1253 1510 1372 1575 Ryckim,

299 1558 426 1619 ronovius‚
443 1560 617 1612 etBrotierns
629 1580 686 1613 curn
705 1567 827 1618 Homero.
860 1571 894 1619 In
905 1572 971 1622 Mas.
983 1572 1058 1622 Harl.
1069 1573 1147 1622 Bodl.
1162 1574 1218 1624 Jes.
1231 1574 1299 1637 Reg.
1309 1574 1369 1637 Agr.

270 1626 299 1669 et
312 1621 427 1670 editione
445 1624 573 1689 principe,
588 1629 664 1677 otram
673 1629 776 1693 fastigii
790 1632 906 1695 regimen.
938 1636 1097 1685 Puteolanus
1108 1638 1266 1699 emendavit,
1281 1640 1370 1688 nixam.

269 1684 358 1733 Vellet
369 1686 486 1749 Grotius,
497 1690 593 1741 emirum
605 1692 711 1755 fastigio
720 1698 835 1760 regium,
845 1698 873 1747 id
883 1706 934 1761 est,
944 1702 976 1749 ud
985 1699 1115 1761 fudiciam
1123 1701 1230 1751 enim
1262 1703 1369 1752 Brotier.

269 1746 359 1797 Probo
379 1752 587 1803 emendationem
606 1758 715 1820 Bipont.
733 1762 818 1811 nixum
831 1762 937 1825 stratigio
959 1765 977 1813 i.
986 1778 1011 1812 e.
1041 1766 1216 1828 Imperatoria
1235 1765 1368 1829 dignitate.

271 1812 424 1863 oberlin—l
436 1816 523 1871 Quiete
532 1823 679 1882 rerporrderr.
699 1824 745 1873 Sic
755 1826 1181 1891 Ryckiua,Gronoviur,Brotierus
1189 1837 1218 1878 et
1228 1830 1368 1890 Homerus:

269 1877 347 1927 ctric
358 1878 409 1927 Ma.
428 1880 518 1929 Guelf.
535 1884 692 1935 Puteolanus
710 1896 739 1937 et
757 1889 817 1940 iibri
834 1905 923 1940 omnes
943 1899 1035 1955 postea
1052 1893 1126 1942 editi.
1159 1893 1192 1943 ln
1208 1894 1368 1944 Manvatic.

269 1940 335 2003 Reg.
347 1942 415 1992 Bnd.
428 1952 456 1993 et
467 1947 581 1997 editione
597 1950 724 2013 principe,
735 1953 852 2014 quietatur
867 1955 935 2018 quod
952 1955 1049 2005 frustra
1059 1956 1180 2007 defendit
1189 1958 1295 2021 Lipsius
1311 1973 1367 2009 auc-

268 2004 375 2053 toritate
386 2005 491 2069 Apuleii
501 2010 527 2057 in
539 2008 650 2077 Apolog.
663 2030 688 2077 p.
700 2020 758 2064 tat.
782 2018 889 2067 Hmcirre
896 2021 991 2080 gratius
1000 2020 1147 2087 borurfitiur
1157 2024 1232 2070 moiri
1242 2024 1368 2085 respondes.

268 2067 300 2115 In
315 2071 533 2121 emendatioribus
548 2075 620 2125 libris
638 2078 740 2141 legitur,
755 2083 873 2144 rependis.
905 2084 1003 2133 Merito
1020 2086 1169 2147 suspicatur
1180 2087 1315 2146 Ernestut,
1333 2102 1367 2135 re·

267 2134 391 2194 apondere,
402 2136 463 2183 oriri
475 2141 636 2201 exsequenti
648 2142 736 2207 uerbo,
752 2148 879 2207 respondit.
912 2147 989 2196 Unde
1006 2150 1126 2197 tentabat
1139 2150 1241 2211 quietem
1260 2155 1368 2214 repetere,

267 2194 310 2241 vel
321 2210 445 2248 resumere.
480 2198 515 2248 Αῑ
531 2206 612 2265 magis
628 2204 690 2257 mihi
709 2208 797 2270 placet
812 2211 916 2259 Petuvii
927 2212 1083 2273 emendatio,
1100 2214 1224 2276 rerpr'cere.
1257 2214 1365 2265 Brotier.

266 2257 389 2331 ¹Heinsius
402 2264 505 2325 egregie
517 2268 624 2331 conjicit
634 2270 708 2331 quieti
718 2275 864 2337 respondere,
882 2275 915 2323 ad
934 2290 1011 2340 quarn
1031 2277 1087 2326 scil.
1105 2278 1204 2326 senium
1225 2278 1310 2341 ipsam
1322 2294 1365 2327 uos

265 2322 367 2373 invitat.
399 2326 485 2377 sicet
502 2330 563 2393 Bip.
579 2332 672 2385 Hiller.
691 2334 759 2384 itae.
778 2342 819 2387 1⁰.
834 2339 939 2393 volebat
954 2341 1055 2404 quietem
1072 2342 1182 2392 retinere.
1215 2342 1365 2392 Obtulit.-

760 2491 870 2543 NOTAE

264 2569 312 2634 ini,
327 2575 427 2624 trudam
439 2577 486 2626 tibi
498 2593 542 2628 eas
554 2595 627 2646 opes,
638 2599 746 2648 quarum
759 2587 797 2636 nl·
870 2591 1008 2658 Postume]
1023 2593 1078 2645 Alii
1089 2597 1165 2646 aliter
1176 2597 1227 2646 ibi:
1247 2595 1364 2644 Porciam

263 2647 316 2694 mlo
327 2647 428 2712 fulgore
440 2653 610 2719 perstringor.
643 2661 740 2712 Cetera
755 2679 796 2712 aa·
835 2668 1276 2734 mntererunriciqsirtemrespondere.
1287 2669 1364 2719 libell·

264 2721 297 2768 tis
309 2737 438 2787 superque
450 2727 589 2781 sufficient.
835 2741 959 2791 Porcirrrnr
971 2745 1074 2793 seniores
1083 2743 1187 2794 mm
1197 2745 1276 2808 quieti
1289 2749 1363 2808 perte

296 2793 331 2845 Et
340 2800 407 2862 qnod
416 2801 515 2852 divitiis
523 2807 795 2872 etvoluptatibuacor-
833 2821 955 2880 madere.
973 2820 1095 2870 Vertran.
1131 2821 1166 2869 Et
1184 2826 1222 2870 tot
1236 2836 1282 2884 per
1296 2835 1364 2869 aum

263 2871 333 2936 poris
348 2874 481 2942 abscedet,
498 2881 661 2935 solidioribus
678 2889 794 2941 oblecta·
828 2885 918 2942 'muron
930 2894 1030 2958 fastigii
1044 2897 1149 2958 regimen
1164 2895 1363 2959 pomatio-

262 2949 357 3000 mentis
369 2955 505 3020 supplebo,
516 2964 544 3006 et
557 2968 682 3024 qnantum
694 2971 795 3030 tempo-
834 2984 873 3018 rer
882 2971 954 3019 amici
969 2987 1088 3037 reponere,
1098 2973 1138 3020 rel
1155 2975 1278 3038 deponere.
1306 2970 1362 3022 Aci·

262 3024 297 3072 ris
313 3025 446 3078 hortorum
459 3039 505 3081 ant
514 3033 630 3084 villarum
643 3053 713 3090 curae
725 3057 794 3094 nunc
834 3045 927 3096 dalius.

262 3101 407 3166 seponitur,
433 3105 460 3153 in
479 3109 623 3172 sapientiae,
644 3114 671 3164 in
689 3117 793 3168 virtutis
868 3119 980 3172 Quidam
997 3124 1140 3186 explicant,
1155 3124 1235 3175 itant
1250 3125 1360 3174 seniores

261 3175 419 3240 studium,ln
432 3183 543 3234 animum
553 3194 792 3245 menmrevocabo:
834 3196 910 3245 amici
927 3198 1016 3260 quiete
1035 3213 1082 3247 sua
1100 3200 1278 3262 respondeant
1294 3201 1361 3264 prin·
1382 3216 1385 3220 ·

260 3247 302 3298 irae
323 3265 402 3316 verae,
430 3257 471 3306 bre
502 3265 615 3326 proprie
638 3275 665 3318 et
687 3277 792 3320 aeternre
833 3271 895 3335 cipi,
903 3271 1117 3336 quemadmodum
1128 3273 1361 3324 fessaetexlranrtr

225 3357 227 3362 ·
262 3339 334 3389 ⁰P05·
832 3347 939 3398 ferendo
950 3349 1035 3411 tellus,
1045 3351 1065 3398 si
1076 3351 1214 3414 quieverit,
1223 3351 1360 3413 vofisagri

293 3399 450 3458 ‘Possumus
464 3412 658 3484 seriorerumioe']
677 3420 736 3471 Non
754 3440 794 3474 ns·
832 3426 897 3473 eolre
920 3431 975 3474 tom
997 3425 1149 3489 respondet.
1187 3428 1243 3490 ligo
1263 3426 1360 3490 ment

262 3491 312 3540 que
333 3495 434 3548 quaque
458 3487 555 3550 placet.
579 3493 664 3546 Vatic.
681 3499 792 3564 quietem,
831 3503 951 3564 spondam,
961 3507 991 3550 nt
999 3502 1104 3550 volebat
1116 3502 1228 3564 Lipsius.

253 3553 379 3614 praefert.
413 3559 502 3626 Forte,
514 3580 638 3630 pmrnmur
650 3573 752 3624 tenores
767 3593 793 3626 a·
863 3583 876 3608 θ
892 3575 988 3638 Quiete]
1011 3575 1096 3639 Vulgo
1116 3579 1206 3639 quiete:
1222 3577 1268 3626 sed
1288 3582 1358 3641 puto,

260 3630 318 3678 miri
327 3633 619 3704 quietemjorerpondere.
653 3649 722 3716 Fuit,
732 3668 791 3704 cum
831 3653 983 3714 scripserat,
1012 3653 1113 3714 quietern
1132 3653 1264 3715 aponderer
1289 3651 1358 3717 qnasi

260 3702 414 3760 inculcatam
433 3728 520 3766 vocem
543 3735 557 3768 e
580 3726 699 3786 sequenti
724 3728 791 3780 linea
831 3726 946 3779 diceret:
971 3729 1031 3780 tam
1060 3729 1184 3778 roborato
1208 3729 1357 3792 firmatoque

260 3790 390 3848 putarem,
402 3789 566 3859 legeremqne
576 3812 607 3846 ea
619 3799 724 3864 rejecta,
736 3819 790 3866 pos-
830 3803 940 3866 irnperio
961 3810 1016 3866 too,
1033 3819 1103 3852 nrrnc
1120 3819 1242 3868 portamus
1257 3803 1357 3852 mu

258 3857 334 3908 cimus
343 3862 521 3934 mitteremini
534 3865 651 3938 quietem.
679 3877 748 3940 Quid
759 3881 791 3944 st,
829 3880 901 3928 amici
910 3880 984 3928 nobis
996 3879 1108 3944 quietem
1120 3879 1303 3943 spondere,vel
1311 3892 1355 3927 m

257 3935 515 4004 qsietemrerporrderei
532 3949 657 4014 Apuleius
665 3955 789 4022 phraseos
830 3955 912 4020 quieti
930 3955 1102 4020 despondere.
1131 3956 1161 4003 di
1180 3970 1232 4005 non
1248 3954 1356 4020 genuine

255 4009 334 4074 hujus
343 4019 510 4084 approbator,
519 4023 596 4089 Apol.
606 4041 638 4078 rr.
654 4027 788 4082 ‘Haecine
829 4032 910 4080 rerba
923 4039 995 4095 stunt,
1012 4038 1040 4080 at
1049 4033 1140 4081 saltem
1152 4045 1241 4080 rerum
1256 4043 1356 4081 sensum

254 4087 356 4208 getiae
365 4090 447 4144 bonus
456 4093 525 4146 filius
534 4103 611 4150 matri
624 4105 789 4182 respondetl'
826 4107 914 4157 Taciti
923 4107 1058 4172 babemus,
1069 4108 1137 4174 qood
1146 4106 1251 4160 sufimt.

286 4175 362 4224 pour.
