2984 4850
218 333 306 402 1912
334 397 338 404 ,
568 335 965 401 o.·'coarramr³rsurrr
1060 363 1062 367 -
1163 349 1321 416 [aaran.

219 493 345 559 servitii
357 479 523 555 Tiridates
537 481 799 584 perferret:'nen
819 485 939 552 ferrum
959 450 1129 568 traderet,¹
1152 497 1212 558 aut
1238 512 1327 558 com-

211 590 332 680 'plenui
355 590 557 676 provinciae?
580 593 799 656 obtinentium
822 595 999 667 arceretur,
1022 589 1193 656 foribusve
1214 612 1326 692 eorum

220 807 358 858 servientis
376 807 512 856 exhiberet
530 807 678 865 Tiridates;
696 811 724 855 et
740 819 772 854 ne
790 818 879 854 ensem
896 809 1016 866 poneret,
1036 808 1082 852 arrt
1093 804 1253 853 salutatione
1271 819 1328 868 pro·

219 873 316 950 vincias
327 873 473 946 regentium
484 871 682 935 prohiberetur3
693 876 738 920 aut
750 868 783 940 ad
795 868 884 918 limina
893 882 981 917 eorum
993 874 1165 932 expectarem
1177 875 1327 950 tantumque

714 1048 824 1100 NOTAE

220 1177 269 1226 pus
292 1162 455 1225 traducebat,
482 1167 511 1212 ut
532 1163 589 1211 Rex
611 1163 752 1212 Persarum
794 1172 844 1214 tes.
877 1161 930 1212 Sed
947 1163 1170 1212 cumaccessitad
1184 1159 1329 1225 principem

221 1239 292 1299 olim,
304 1244 370 1288 terte
383 1239 453 1288 Xen.
465 1239 483 1288 l.
496 1252 559 1288 vrri.
576 1241 645 1288 nard.
655 1241 663 1267 ‘
675 1239 753 1288 Tem·
793 1240 905 1305 supplex
917 1246 946 1288 et
955 1239 1161 1299 venerabundus,
1173 1245 1228 1291 tum
1240 1251 1329 1286 neces·

219 1316 290 1378 poris
306 1315 413 1378 hyberni
428 1322 529 1378 septem
547 1329 649 1366 menses
669 1316 754 1378 Raby-
794 1317 861 1366 saria
879 1315 1027 1366 cummunis
1048 1313 1108 1376 fnit,
1130 1314 1178 1364 sed
1197 1327 1251 1376 qna
1271 1312 1328 1374 ipro

220 1391 289 1450 lone,
308 1390 377 1451 (haec
399 1391 467 1438 euim
487 1389 673 1456 regiocalids,)
692 1405 753 1439 vere
794 1398 924 1440 momento
951 1393 1040 1439 statim
1067 1389 1219 1452 dispensare
1243 1387 1329 1450 potuit

219 1473 274 1515 tres
284 1465 385 1515 menre's
396 1468 474 1529 Susis,
484 1475 512 1515 et
523 1468 575 1516 acri
584 1473 676 1517 oestatc
687 1458 756 1516 duns'
793 1467 917 1531 princeps
928 1465 1037 1515 comiter
1045 1465 1213 1515 occurrendo.

219 1553 321 1591 menses
332 1543 473 1591 Ecbatanis
485 1543 598 1605 agebat!
828 1544 983 1604 Nerrferram
993 1542 1110 1605 traderet]
1137 1542 1244 1604 Quippe
1256 1540 1329 1604 quasi

253 1617 287 1665 Et
303 1616 322 1666 1.
339 1629 381 1666 ιιι.
398 1617 513 1668 Anabas.
539 1616 600 1666 ‘Ad
617 1616 753 1666 Orientem
793 1619 1005 1684 sigunmfnirset
1019 1619 1105 1668 dediti
1123 1618 1275 1682 captivique
1287 1617 1330 1664 hu-

220 1691 372 1742 fertaersus
383 1693 485 1742 Susaet
498 1693 641 1754 Ecbatana,
653 1693 697 1742 ubi
708 1707 754 1741 ver
794 1696 879 1745 urinis.
913 1696 1002 1745 Cesar
1020 1694 1037 1742 l.
1054 1707 1104 1750 rar.
1122 1693 1155 1743 de
1176 1692 1239 1742 bell.
1259 1687 1330 1742 Gall.

220 1775 249 1818 et
260 1776 378 1818 aestatem
388 1783 466 1832 agere
477 1769 533 1817 Rex
545 1761 656 1819 dicitur!
794 1772 802 1798 ‘
814 1769 1027 1832 Versingentorir
1047 1767 1163 1830 deditur,
1180 1782 1251 1816 arma
1270 1781 1330 1829 pro·

255 1843 393 1906 halama]
410 1844 554 1904 Ecbatana,
577 1844 639 1892 urbs
656 1843 755 1905 Tropa-
789 1845 935 1910 jicinnturl
985 1846 1020 1893 Et
1038 1844 1102 1894 ibid.
1122 1843 1218 1892 ‘AEdni
1237 1855 1329 1891 manus

220 1923 289 1970 tenae
302 1918 375 1981 regni
393 1919 448 1967 sive
468 1918 657 1982 pravissimis
668 1917 755 1966 media
795 1922 904 1971 tendere
918 1926 946 1970 et
958 1920 1117 1970 deditionem
1129 1919 1285 1983 significare,
1302 1924 1330 1966 et
1412 1969 1417 1980 ,

119 1997 124 2016 ’
220 1995 327 2058 regione
350 1994 451 2056 imperii
469 1994 608 2042 Persarum
627 1994 670 2043 vel
690 1995 755 2042 Par·
795 1997 921 2060 projectis
932 1996 1019 2059 armis,
1030 2004 1141 2045 mortem
1153 1992 1311 2057 deprecari!

219 2070 339 2118 thorum:
357 2070 433 2134 hodie
456 2070 549 2132 Tauris,
570 2070 631 2118 urbs
652 2069 755 2133 provin·
830 2074 956 2137 thadaei]
983 2074 1044 2124 Non
1065 2073 1211 2123 Corbuloni
1234 2079 1282 2121 ant
1303 2071 1329 2119 in

220 2144 268 2192 einr
293 2144 458 2207 Adirheitzua,
482 2145 508 2193 in
536 2159 616 2208 regnu
644 2145 754 2194 Persiae.
794 2150 896 2214 eastris,
913 2150 958 2199 sed
977 2150 1076 2210 Roma,
1094 2163 1153 2196 curn
1164 2147 1196 2195 ad
1214 2147 1329 2195 tribunal

221 2219 343 2269 Mem·
792 2225 920 2290 principis
931 2225 1080 2286 accederet,
1099 2224 1197 2287 regium
1210 2222 1329 2271 diadema

254 2295 438 2355 *Nesserrum
450 2298 566 2361 traduat]
583 2297 753 2346 Persaenim
793 2307 955 2364 recepturus.
987 2303 1022 2350 Et
1040 2305 1113 2350 certe
1125 2297 1220 2347 nemini
1231 2296 1329 2347 'l'irida-

221 2379 249 2421 et
275 2372 369 2421 Parthi
390 2387 477 2422 omnes
500 2388 603 2439 semper
626 2374 659 2425 de
680 2388 752 2423 more
793 2378 867 2428 dates
887 2379 967 2429 etiam
983 2379 1073 2429 Romae
1085 2376 1199 2440 gladium
1211 2371 1329 2435 tradidit,

220 2450 310 2499 cincti.
345 2449 494 2499 Ammianus
506 2453 523 2501 l.
537 2465 620 2501 xxm.
637 2449 756 2501 ‘Omnes
794 2456 873 2505 immo
884 2462 913 2505 et
929 2470 988 2503 enm
1005 2453 1086 2502 elaris
1097 2451 1183 2501 aureis
1194 2451 1282 2500 balteo
1293 2447 1330 2497 af·

217 2525 365 2589 promiscue
377 2527 418 2573 vel
431 2526 500 2575 inter
514 2527 603 2589 epulas
621 2526 755 2591 ferturque
794 2529 863 2594 fixit,
884 2537 952 2581 teste
975 2530 1070 2591 Dione,
1088 2542 1172 2591 neque
1192 2542 1208 2575 a
1226 2524 1329 2575 fortiori

220 2599 278 2649 dier
294 2600 387 2663 gladiis
406 2602 486 2650 cincti
506 2613 657 2666 cernuntur,
677 2618 755 2667 quem
794 2605 864 2671 apud
890 2606 1067 2669 proconsules,
1094 2605 1155 2652 dnm
1182 2601 1327 2667 provincias

220 2674 374 2723 Graecornm
397 2684 512 2725 veteram
532 2690 639 2739 murem,
658 2677 754 2741 primos
795 2684 869 2732 Rom.
881 2688 1045 2745 peragraret,
1066 2694 1151 2742 neque
1169 2678 1247 2727 etiam
1258 2677 1328 2741 apud

220 2749 348 2813 abjecisse
377 2749 559 2817 Athenienses,
585 2746 754 2816 Thucydides
794 2760 857 2809 alios
867 2760 1036 2823 magistratus
1048 2757 1170 2805 minores.
1249 2778 1252 2784 ⁴

220 2831 263 2873 est
272 2824 381 2874 artetur!
403 2825 440 2875 At
451 2827 485 2875 de
497 2827 548 2876 ritu
559 2828 673 2891 ponendi
684 2828 753 2891 apud
825 2832 1023 2897 messapiam]
1040 2832 1147 2894 Duplex
1160 2828 1234 2878 ritus.
1251 2826 1327 2876 Prio-

220 2900 392 2964 Massiliffltus
402 2901 471 2965 fellis
482 2904 508 2951 5¹¹
520 2904 618 2953 ΕῙθθῐίθ
628 2904 690 2963 mihi
701 2904 754 2954 dic·
793 2924 846 2961 rem
855 2910 976 2959 illustros
985 2906 1115 2972 Spartiani
1122 2902 1269 2965 Severo,de
1277 2917 1328 2966 qno

221 2982 286 3039 tum,
297 2990 355 3040 cap.
368 2976 401 3025 de
412 2976 567 3029 lictoribus.
584 2979 687 3042 upana.
793 2988 880 3051 legato
893 2983 1006 3034 Africar':
1016 2984 1024 3010 ⁴
1035 2984 1067 3032 In
1077 2997 1109 3030 ea
1120 2981 1260 3044 legatione,
1266 2984 1327 3028 cum

254 3053 310 3101 Nea
331 3052 426 3113 serrum
454 3055 571 3118 traderet]
604 3056 755 3125 Intelligen·
794 3075 852 3109 enm
865 3060 970 3125 qnidam
981 3058 1252 3121 municipnmenornm
1262 3055 1328 3117 Lep·

221 3127 291 3191 dum,
302 3128 357 3191 ipse
368 3129 501 3180 Tiridates
514 3130 664 3180 C⁰rb1110¹¹b
692 3132 755 3181 Rhe·
794 3138 902 3200 titanus,
928 3133 1138 3200 precedentibus
1159 3130 1283 3193 fascibus,
1300 3138 1329 3178 ut

218 3220 302 3254 m·
476 3232 478 3235 ·
501 3210 506 3221 ’
796 3212 932 3275 antiquum
960 3209 1170 3258 contubernalem
1196 3206 1253 3269 ipse
1275 3205 1329 3268 ple·

254 3280 325 3329 Puto
336 3280 533 3343 intelligendum
544 3282 578 3331 de
590 3284 651 3335 solis
663 3298 754 3334 consu·
793 3288 868 3337 belus
887 3286 1022 3348 amplexus
1039 3291 1117 3346 esset,
1133 3281 1247 3332 fustibus
1269 3295 1328 3330 eum

220 3355 290 3406 libus
301 3358 326 3405 in
339 3357 413 3417 urbe,
424 3364 469 3405 aut
480 3357 512 3404 de
522 3360 715 3421 proconsulibus
726 3361 754 3409 in
794 3362 932 3426 subelegio
942 3360 1073 3423 praeconis
1081 3358 1328 3421 ceciditr-begatnm

200 3439 203 3445 '
221 3432 369 3498 provinciis.
402 3433 482 3482 Forte
501 3434 542 3481 hic
563 3432 595 3481 de
613 3434 667 3483 solo
683 3437 753 3497 prin·
793 3439 884 3503 populi
904 3440 980 3487 Rom.
1000 3438 1075 3485 home
1092 3435 1211 3499 plebeius
1230 3427 1330 3482 temam

221 3510 290 3575 cipe,
308 3509 378 3573 quod
397 3509 484 3573 colligi
504 3511 587 3573 possit
603 3526 637 3561 ex
658 3513 753 3563 Dione.
795 3513 1002 3578 amplectinoli.'
1034 3510 1329 3572 Interdictiergu.pro·

209 3586 290 3637 Nam
302 3592 356 3635 tum
369 3584 453 3634 affixit
463 3600 508 3639 rex
521 3586 634 3649 gladium
644 3588 754 3651 vaginae,
793 3590 917 3645 vinciales
927 3588 1073 3650 complexu.

191 3670 195 3679 '
220 3677 253 3713 ne
272 3664 366 3712 tradere
382 3668 529 3725 cogeretur,
549 3678 609 3716 cum,
626 3666 754 3715 salutaret
827 3666 878 3717 Sed
889 3680 938 3714 nec
952 3665 979 3713 in
996 3662 1163 3712 foresatatim
1174 3661 1224 3709 illis
1234 3660 1329 3724 aditus,

220 3737 373 3803 principem.
407 3736 459 3785 Sed
480 3738 540 3801 quid
561 3739 594 3788 de
606 3734 753 3797 {comtibus
794 3743 834 3792 uti
843 3744 977 3805 eleganter
994 3740 1129 3790 Salvianus
1141 3740 1159 3788 l.
1171 3752 1214 3787 nr.
1225 3739 1259 3787 de
1274 3737 1329 3786 Gu-

189 3820 191 3825 '
220 3806 309 3878 regis?
335 3828 394 3887 nam
417 3813 464 3863 filii
487 3830 574 3879 regum
593 3815 703 3866 fratrum
726 3826 755 3868 et
794 3819 897 3867 bernar.
915 3816 1011 3865 ‘lutra
1018 3815 1112 3878 januas
1126 3828 1183 3866 ,nen
1201 3812 1279 3863 modo
1298 3810 1328 3860 il-

220 3891 383 3955 Meglstaues
394 3890 502 3939 aderant
514 3890 606 3940 Parthi
624 3899 652 3941 et
663 3891 754 3941 Arme·
794 3893 913 3945 lustrirrm
926 3897 1097 3956 potestatum,
1108 3889 1156 3938 sed
1170 3888 1251 3937 etiam
1263 3899 1328 3949 prar-

212 3967 275 4035 'ulir
289 3980 325 4015 au
344 3966 457 4030 gladium
473 3968 601 4030 posuere?
619 3968 688 4017 Puto
699 3970 753 4031 ple·
795 3970 934 4026 sidnmaut
950 3964 1161 4030 praepositorum,
1177 3978 1228 4012 non
1239 3972 1329 4020 omnes

197 4036 198 4041 ¹
220 4034 333 4093 bermar
345 4042 461 4105 privatos
471 4048 572 4091 tantum
589 4042 625 4091 sic
636 4044 753 4110 posuisse
794 4045 890 4110 passim
901 4043 999 4093 intrare
1010 4046 1179 4104 praesumunt,
1196 4038 1247 4087 nisi
1263 4049 1328 4101 quus

221 4128 310 4168 coram
326 4118 473 4169 consulibus
483 4124 529 4167 aut
540 4120 753 4183 proconsulibus;
795 4125 842 4170 ant
855 4120 938 4185 judex
959 4117 1106 4179 vocaverit,
1126 4124 1173 4165 ant
1193 4114 1329 4178 negotium

220 4206 272 4261 qao
283 4190 368 4245 oficio
378 4201 505 4262 saaeptur
515 4196 572 4247 Rex
581 4194 626 4249 ille
637 4201 665 4248 et
675 4196 753 4249 comi·
794 4195 915 4261 trustis,-
924 4200 971 4245 sut
980 4192 1038 4259 ipss
1047 4192 1151 4243 honorb
1162 4190 1264 4259 proprii
1273 4189 1332 4253 dig·
