2984 4850
239 305 329 377 1922
590 323 623 371 c.
646 321 829 371 oouuuurr
852 318 981 381 ututur
1181 330 1228 395 [Α.
1239 332 1273 383 u.
1284 334 1342 386 ers.

238 472 401 557 cujusque
415 467 642 533 summarium
656 488 698 533 eo
716 488 823 553 usquo
838 471 976 549 valuit,4
999 470 1169 551 nigratis,
1186 467 1344 555 pecunie,

237 576 274 641 ri
287 570 427 636 nocendi
438 573 546 635 etium
554 572 677 635 rnulosp
690 574 925 655 praemineret.⁵

254 668 258 671 ⁴
281 676 335 738 35.
359 672 443 755 Ejus
457 692 575 736 munus
590 672 810 755 frequentanti
832 672 967 749 Neroni,
990 692 1031 735 ne
1056 672 1139 737 inter
1152 674 1343 757 voluptates

239 774 386 859 quidemq
400 794 421 836 u
434 774 616 837 sceleribus
625 774 834 838 cessabatur.
872 772 997 837 Iisdem
1012 775 1136 857 quippe
1145 776 1212 840 illis
1224 776 1343 839 diebus

237 874 428 959 Torquatus
442 875 578 938 Silanus
592 875 677 938 mori
691 874 846 957 adigitur,
861 876 951 958 quia,
967 894 1066 958 super
1076 875 1099 939 J
1101 877 1190 941 unice
1204 876 1342 941 familie

239 975 481 1053 cleriudnem,
497 976 542 1041 D.
557 974 749 1058 Augustum
763 980 927 1041 ιιιιιιιιιιιΠ
940 976 1077 1039 ferebat.
1121 975 1144 1039 J
1145 977 1230 1040 ussi²
1244 994 1345 1041 acorr-

237 1178 305 1241 tster
317 1176 396 1237 prium
406 1174 433 1223 ia
442 1175 546 1224 ludibria
555 1175 650 1236 meiius,
661 1174 716 1223 dein
731 1174 845 1237 optimum
855 1188 966 1237 quemque
979 1173 1119 1222 criminibus
1133 1178 1213 1236 prtem
1230 1189 1256 1224 eo
1271 1190 1343 1239 rusque

236 1239 381 1303 praepcliss't',
390 1243 417 1287 st
428 1239 500 1287 etism
510 1254 594 1302 prasos
603 1240 752 1301 auctoritate,
763 1238 852 1301 opibus,
861 1244 884 1287 et
896 1240 920 1287 ui
930 1239 1027 1287 memus·
1037 1242 1167 1301 superaret.

271 1303 335 1363 Eius
349 1304 504 1366 spectaculum
521 1303 639 1352 celebrans
655 1303 730 1365 Nero,
750 1318 779 1351 uc
797 1304 861 1351 iuter
879 1303 1044 1351 oblectamenta
1063 1302 1186 1364 quidemn
1205 1302 1343 1352 criminibus

237 1367 391 1429 tempesias.
424 1367 489 1415 Num
507 1382 533 1415 cs
548 1368 601 1429 ipss
615 1372 718 1428 tempore
736 1366 867 1428 Torqustus
876 1366 973 1415 Silenus
989 1367 1048 1414 mori
1064 1366 1166 1427 cogitur,
1183 1367 1239 1428 quis
1257 1372 1345 1429 praeta

237 1431 387 1488 nobilitatem
405 1432 487 1479 Jmtoe
501 1431 591 1493 gestis,
611 1431 702 1481 Diuum
716 1430 855 1492 Augustum
870 1432 935 1479 iuter
952 1444 1007 1479 uuus
1025 1430 1165 1479 recensebat.
1198 1430 1346 1494 Impurum

599 1570 603 1577 '
705 1570 883 1592 nnunnu

238 1659 255 1704 4
272 1654 371 1703 ussus
382 1652 515 1702 Acidaliae
533 1652 703 1703 malebat-e
719 1655 763 1704 Sic
778 1654 845 1704 bene
856 1654 973 1703 Pieheua
983 1668 1017 1702 ex
1033 1654 1084 1703 Ms.
1097 1654 1167 1703 Flor.
1201 1654 1345 1718 Perpessus

239 1718 267 1768 in
277 1718 344 1767 Mss.
355 1723 383 1767 et
394 1716 525 1766 veteribus
535 1717 694 1767 editionibus
709 1720 752 1769 rel
771 1720 798 1768 ia
815 1719 881 1781 ultis,
900 1719 942 1767 vel
960 1718 1036 1782 mulis,
1055 1719 1097 1768 vel
1114 1719 1170 1767 aliis
1186 1720 1345 1783 premineret.

240 1782 393 1842 Beroaldus,
400 1782 573 1844 murmuret.
604 1782 718 1831 Brotier.

272 1850 287 1893 1
304 1845 448 1908 Perperam
459 1846 484 1892 in
497 1845 602 1908 scriptis
621 1851 650 1894 et
665 1845 742 1895 editis
758 1846 842 1905 libris,
853 1845 874 1895 si
894 1844 1042 1909 Ryckianes
1061 1844 1188 1895 editiones
1199 1846 1345 1911 exceperis,

237 1914 344 1959 mavum.
377 1909 572 1958 Emendandrun
583 1924 640 1959 esse
649 1910 749 1959 ciccum
755 1910 810 1973 jsrn
822 1910 922 1971 pridem
933 1922 1054 1958 monuere
1066 1910 1163 1959 eruditi
1175 1911 1232 1974 viri,
1243 1912 1345 1975 Ruper-

239 1981 291 2035 tus‚
309 1975 358 2036 Ep.
371 1986 417 2022 nx.
435 1974 468 2021 ad
484 1973 642 2033 Remmium,
660 1979 755 2035 putu.
789 1974 906 2023 Valesius
928 1974 962 2021 ad
981 1980 1105 2036 excerpts
1124 1974 1228 2036 Dionis,
1247 1976 1264 2024 l.
1278 1986 1345 2025 nxrt.

232 2052 266 2101 p.
279 2040 374 2087 treet
391 2036 517 2098 Ryckius.
549 2035 633 2101 quue
651 2044 727 2099 patet
741 2043 797 2087 tum
814 2052 848 2089 ex
867 2038 962 2098 Dione,
982 2038 1034 2086 loc.
1052 2039 1098 2087 cit.
1118 2045 1174 2088 tum
1195 2052 1229 2087 ex
1251 2039 1345 2088 Tacito

239 2100 336 2149 Annei.
348 2113 407 2150 xrs.
419 2104 443 2149 8.
476 2100 585 2153 Brctier.
618 2100 669 2149 Res
687 2101 751 2150 mihi
766 2101 880 2151 nondum
897 2102 957 2150 satis
968 2101 1076 2166 liquide,
1086 2102 1120 2151 de
1132 2118 1182 2165 que
1193 2102 1274 2151 etism
1287 2103 1346 2153 Rel-

239 2162 327 2213 neslus
339 2163 487 2213 dubitabat.
520 2160 767 2228 Itaquenonsusas
784 2180 840 2215 suru
856 2166 983 2228 Ryckiurn
1001 2166 1082 2227 sequi.
1112 2166 1214 2231 *Essem
1248 2168 1284 2216 Et
1302 2166 1346 2215 Bi·

239 2236 312 2293 pont.
325 2226 440 2276 retinent
454 2232 608 2277 uturum—2
626 2228 669 2277 Ita
684 2230 749 2278 Mss.
769 2228 839 2278 Flor.
861 2230 925 2293 Reg.
943 2228 1008 2292 Agr.
1029 2228 1107 2279 Corb.
1125 2228 1206 2278 editio
1225 2230 1346 2293 princeps

238 2300 268 2341 et
278 2292 445 2341 recentiores.
477 2292 510 2341 In
521 2292 587 2342 Mss.
599 2291 674 2341 Harl.
685 2293 740 2343 Jes.
753 2292 843 2342 (lueis.
854 2298 882 2342 et
893 2292 1060 2355 Puteolanus,
1071 2293 1135 2353 jussi
1151 2295 1177 2342 id
1191 2300 1345 2344 mercatores.

239 2356 272 2407 ld
282 2370 383 2422 quoque
394 2356 479 2406 ultera
487 2370 566 2406 muns
576 2356 604 2405 iu
616 2356 668 2407 bis.
679 2356 747 2407 Bud.
760 2356 884 2408 additum.
916 2356 1023 2409 Bmts’er.
1057 2357 1200 2407 Gronovius
1212 2366 1301 2408 servat
1311 2358 1345 2409 id.

726 2525 840 2578 NOTAE

272 2637 425 2707 Stetimvpro
435 2637 556 2687 ludibriis
567 2652 630 2687 sera
638 2639 709 2688 mua
718 2639 776 2689 red·
846 2638 933 2688 Elium
942 2637 1025 2702 mulos]
1042 2638 1170 2696 Esutriua
1180 2641 1348 2694 tuberuauon

222 2709 295 2761 'det
320 2711 407 2774 Igitur
417 2712 500 2775 primo
510 2711 614 2762 facetiis
623 2713 774 2762 scurrilibus
814 2714 906 2767 debuit
917 2713 1042 2764 exsistere
1052 2716 1128 2765 molus
1144 2729 1239 2766 versa:
1258 2731 1291 2768 eo
1308 2726 1346 2770 ts·

238 2789 295 2852 ipse
306 2789 385 2838 risum
397 2794 498 2838 tentum
515 2788 648 2852 movebat,
664 2795 693 2839 et
710 2789 775 2839 ludi·
813 2806 871 2840 men
882 2791 926 2841 ille
937 2799 1076 2855 provectus
1091 2799 1132 2842 est
1143 2793 1214 2844 inter
1225 2796 1293 2846 aule
1302 2795 1348 2846 bs-

238 2865 297 2914 brio
315 2865 449 2929 expositus
466 2865 636 2915 contumelias
655 2864 772 2926 ferebat3
815 2868 887 2930 gitis,
899 2875 991 2918 utnon
1008 2869 1089 2921 solum
1106 2871 1180 2921 mulus
1198 2869 1253 2930 ille,
1264 2871 1309 2920 sert
1321 2875 1348 2920 et

239 2943 287 2994 sed
298 2951 389 3008 postea
400 2943 511 3008 gratiam
521 2943 773 3007 adeptusfcrimina-
813 2944 882 2994 meib
892 2943 954 3006 ipsis
967 2945 1055 3009 ¹pejor,
1066 2960 1097 2995 ac
1110 2945 1258 2998 deterrimis
1275 2947 1349 2998 dete·

238 3020 323 3069 tiones
340 3019 465 3069 exercuit.
498 3018 535 3068 ut
552 3032 626 3067 verus
643 3025 774 3068 contume-
813 3019 866 3068 rior
878 3027 957 3070 esset.
1203 3010 1216 3032 '

237 3097 296 3159 lias,
306 3095 454 3160 solidusque
463 3094 570 3159 injurius
580 3093 681 3144 retulit.
846 3103 858 3136 u
875 3095 914 3144 Ns
925 3096 990 3146 iuter
997 3099 1128 3161 uduutstes
1136 3097 1242 3160 quidem]
1252 3100 1302 3151 :De
1314 3098 1350 3150 A.

271 3174 303 3221 Ia
310 3169 476 3234 contumelias]
501 3171 564 3221 Nun
582 3186 647 3235 quas
664 3169 774 3234 faceret,
813 3169 939 3220 lerandro
950 3171 1024 3221 Curt.
1035 3173 1054 3221 l.
1064 3185 1104 3222 rx.
1120 3173 1218 3222 ‘Hunc
1237 3187 1347 3237 anpara-

238 3249 286 3300 sed
298 3247 389 3297 ferret.
813 3251 868 3294 tum
891 3245 1009 3297 carnifex
1032 3247 1197 3311 sequebatur.
1241 3251 1350 3313 Quippe

271 3331 285 3366 Ρ
302 3324 386 3373 Etiam
396 3323 480 3388 mulos]
495 3319 577 3372 initio
594 3330 694 3374 tanturn
711 3321 773 3373 ridi·
811 3322 937 3386 Satrapes
948 3322 1075 3386 Aspustes
1090 3323 1137 3386 (de
1154 3339 1205 3388 quo
1219 3333 1284 3376 aute
1294 3325 1349 3376 dis-

238 3400 277 3449 lus
287 3412 377 3448 scurra
387 3396 446 3460 fuit,
457 3404 486 3447 et
505 3399 565 3448 solis
582 3397 684 3448 facetiis
699 3411 773 3446 exer·
813 3405 868 3450 tum
879 3397 930 3461 est)
936 3397 1051 3448 interfici
1058 3399 1147 3463 jussus
1158 3406 1207 3463 est,
1218 3399 1287 3450 adeo
1299 3413 1348 3450 nse

238 3474 316 3538 citus,
326 3488 357 3523 ac
366 3473 450 3539 primo
461 3475 533 3525 velut
548 3475 667 3526 innoxius
677 3475 773 3538 agebat
812 3475 920 3524 lrrxurire
927 3473 1065 3540 quisquam
1075 3475 1224 3538 crudelitas,
1232 3489 1282 3524 uec
1292 3487 1347 3524 eru-

237 3551 265 3600 in
276 3550 336 3600 aula
346 3551 498 3601 Neroniana
509 3567 518 3612 ;
535 3557 563 3602 st
575 3558 667 3616 postes
681 3552 709 3600 -vi
727 3565 773 3601 no·
812 3551 915 3601 delitati
926 3552 1029 3600 luxuria
1038 3550 1143 3601 obstat!

237 3626 325 3691 cendi,
334 3633 363 3676 et
372 3625 479 3690 flagitiis
490 3627 560 3677 inter
571 3629 652 3678 malos
663 3627 724 3690 tuit,
735 3628 773 3678 its
844 3633 854 3660 ¹
869 3627 1003 3689 Augustum
1013 3626 1121 3690 ussum]
1138 3625 1241 3676 Silanus
1252 3625 1286 3676 de
1297 3639 1345 3691 quo

236 3709 267 3753 ut
277 3703 356 3756 etiam
366 3703 435 3767 ipsos
446 3705 526 3755 malos
538 3707 728 3770 praeemineret.
811 3704 864 3768 irie,
881 3703 950 3753 filius
968 3705 1006 3754 M.
1022 3703 1111 3762 Sileni,
1131 3703 1176 3766 qui
1194 3702 1298 3752 occisus
1313 3699 1345 3752 ab

271 3780 355 3830 Etiam
365 3779 420 3830 aliis
430 3781 591 3844 pramiscret]
607 3780 772 3846 Scripsisse·
811 3781 957 3844 Agrippina
974 3796 1052 3844 supra
1067 3782 1085 3829 l.
1097 3793 1162 3830 xus.
1193 3780 1233 3830 M.
1243 3780 1346 3830 sinsus

236 3858 280 3921 ios,
292 3871 324 3906 er
338 3855 412 3906 Flor.
429 3858 505 3918 vulgo
521 3859 606 3908 mulis:
621 3859 638 3908 l.
649 3873 694 3908 ιιι.
711 3857 771 3908 ‘Ac
811 3855 876 3904 filius
887 3855 960 3907 Junil
978 3854 1056 3904 Silani
1068 3860 1096 3904 et
1107 3853 1215 3904 AEmilire
1227 3854 1342 3917 lapids.

239 3939 326 3984 temen
337 3932 514 3996 appellatione
523 3933 617 3997 aliqua,
626 3940 716 3984 cetera
725 3932 771 3982 irrr-
811 3929 915 3980 lEurilis
934 3930 1036 3994 Lepida
1056 3937 1119 3981 nata
1136 3943 1170 3980 ex
1188 3930 1270 3993 tuus,
1287 3943 1344 3995 quas

236 4009 310 4073 peris
328 4009 498 4073 praemineret
507 4006 523 4057 :'
539 4009 557 4057 l.
569 4022 622 4058 ιιι.
647 4009 772 4059 ‘Cassius
811 4007 898 4071 neptis
914 4005 1035 4070 Augusti,
1051 4007 1124 4058 iulis
1142 4012 1205 4058 nats
1222 4021 1257 4056 err
1274 4004 1345 4058 Julis

237 4089 341 4136 ceteros
362 4079 537 4148 preminebat
552 4083 648 4148 peritis
667 4085 773 4150 legum:
811 4081 863 4133 tilis
875 4082 996 4146 Augusti.

239 4159 354 4211 Picisau.
844 4159 888 4212 su
896 4158 968 4212 dulia
976 4157 1048 4223 uun
1063 4158 1136 4212 Juts
1153 4158 1252 4228 neptis,
1266 4155 1341 4212 AEni·
