2984 4850
165 348 303 412 adea]
515 341 720 392 annuerunt
746 343 820 392 nra.
849 343 931 392 xiv.
1187 323 1274 395 1739

168 485 298 572 praeda⁶
312 491 346 553 et
360 486 511 550 aliorum⁰
525 494 669 568 segnes,⁷
682 488 851 570 petebant.
885 485 933 551 At
947 486 1157 570 septuaginta
1170 489 1274 557 millia

167 595 306 658 civiumd
329 598 364 657 et
386 592 563 669 socionrm,
593 591 636 654 iis
660 609 737 675 quae
767 593 947 656 memoravi
971 593 1068 673 loeis,
1098 593 1272 660 cecidisse-⁸

167 695 331 759 constitit.
384 692 505 775 Neque
534 693 621 756 enim
649 711 783 776 capere,
809 699 867 756 aut
894 695 1109 773 venundare,⁹
1137 692 1272 760 aliudve

166 795 259 878 quod
270 795 351 860 belli
367 795 613 872 commercium,
626 793 685 857 sed
702 795 824 872 cadas,
836 796 998 878 patibula,
1011 798 1115 880 ignes,
1131 804 1272 872 cruces,e
1320 788 1329 808 ‘

165 895 523 978 tauquamreddibui¹⁰
536 891 764 979 supplicium,f
784 915 824 959 ac
852 902 1041 980 praerepta¹¹
1067 899 1196 962 interim
1222 897 1271 960 ul·

166 997 268 1075 tione,
287 997 496 1061 festinabant.

167 1143 319 1206 Conpertum
330 1149 374 1208 est,
383 1144 481 1207 periisse
490 1143 516 1192 in
527 1143 559 1191 iit
569 1159 621 1206 que
629 1143 687 1192 disi
697 1145 800 1208 oppidis,
819 1146 1052 1208 septuagiatuseme
1065 1139 1141 1194 miliia
1149 1146 1234 1196 ciuium
1245 1153 1272 1196 et

166 1208 329 1258 aufidianum.
364 1209 456 1272 Quippe
465 1223 507 1257 aec
517 1209 619 1270 comicos
629 1209 730 1270 trahere,
745 1214 788 1258 aut
806 1213 913 1272 uendere,
927 1215 970 1258 aet
979 1212 1040 1273 qaod
1058 1210 1124 1258 eliud
1139 1211 1192 1259 beili
1209 1217 1287 1259 com-¹

167 1272 279 1320 mercium
296 1287 452 1335 usurpavere
470 1271 585 1330 barbari,
602 1275 642 1320 ted
653 1273 811 1334 properabant
828 1289 903 1333 aeres,
922 1289 1009 1335 eruces,
1020 1273 1140 1338 mmmm,
1154 1275 1271 1337 patibula,

167 1337 235 1448 inm
253 1337 353 1385 invicem
361 1352 443 1401 pauor
453 1335 593 1399 excalciari,
603 1341 627 1384 et
639 1337 709 1386 velut
727 1337 824 1386 iuterim
835 1339 964 1388 vindictam
971 1338 1138 1402 proeuemrert,
1148 1353 1270 1403 propera·

188 1407 242 1450 ant.

167 1576 230 1626 Mss.
242 1578 312 1627 Flor.
325 1579 401 1628 Corb.
414 1579 494 1628 editio
506 1579 626 1642 princeps
638 1586 665 1628 et
676 1580 843 1630 recentiores.
877 1582 909 1631 In
921 1581 986 1630 Mss.
1004 1581 1078 1631 Harl.
1089 1581 1164 1630 Bodl.
1176 1586 1204 1631 et
1215 1579 1267 1629 Pu-

167 1642 294 1706 teolanus,
315 1642 490 1700 defereatrs‘ia
510 1649 587 1692 tutum
605 1643 656 1692 loeti
672 1645 773 1704 predas.
791 1645 904 1694 Brotier.
937 1645 1043 1695 Amicus
1061 1646 1129 1709 apud
1141 1645 1269 1709 Ryclrium

164 1709 311 1766 prede-'i
333 1707 376 1755 Sic
397 1707 496 1770 optime
515 1707 599 1756 adbuc
620 1707 764 1766 Mercerus.
798 1710 904 1758 Frustra
923 1709 1035 1772 Lipsius,
1055 1709 1159 1758 ladmen
1176 1723 1269 1770 aegaee.

165 1769 266 1818 Vitiose
278 1771 303 1818 iu
316 1771 380 1818 Mss.
390 1779 417 1820 et
428 1771 585 1820 editionibus
597 1771 737 1830 veteribus,
745 1772 844 1820 aduram
856 1773 968 1833 insignes.
999 1773 1084 1821 Tacit.
1094 1772 1162 1821 infra
1173 1772 1268 1821 Annei.

167 1845 224 1882 xvr.
237 1837 277 1882 14.
303 1833 310 1860 ‘
324 1835 485 1883 occasionum
497 1849 546 1883 non
557 1833 660 1897 segnis!
702 1835 858 1882 Bustica-8
877 1836 920 1885 lta
940 1837 1005 1883 Mss.
1017 1836 1086 1883 Flor.
1105 1836 1179 1884 Harl.
1193 1835 1269 1884 Bodl.

164 1896 218 1945 des.
238 1895 328 1946 Guelf.
348 1899 425 1948 Corb.
446 1899 526 1948 editio
544 1899 666 1962 princeps
686 1905 713 1946 et
729 1899 897 1946 recentiores.
930 1898 1099 1958 Puteolanus,
1115 1899 1269 1948 candiae.—

163 1965 179 2007 9
198 1961 335 2010 Brotierus
350 1976 408 2011 crrtn
422 1963 535 2012 Homero
546 1963 762 2011 venatuum-1⁰
778 1963 886 2010 Frustra
900 1963 1014 2025 Lipsius,
1022 1963 1160 2012 reddturis.
1190 1963 1269 2012 Heiu-

161 2025 364 2087 sius,redditam.
396 2027 536 2086 Eleganter
554 2027 662 2088 dictum,
677 2027 804 2074 reddituri.
831 2027 1008 2076 Brotier.-ll
1027 2027 1058 2075 Iu
1078 2027 1194 2078 Ms.Jes.
1207 2042 1267 2088 proe·

163 2094 240 2151 cepta,
260 2096 290 2138 nt
309 2090 415 2140 volebat
434 2090 566 2140 Heinsius.
600 2091 631 2138 lu
653 2090 703 2138 Ms.
724 2089 803 2140 Corb.
843 2097 941 2142 eiecta
974 2091 1005 2139 ln
1023 2091 1174 2142 MsVatie
1192 2093 1265 2144 leot.

160 2158 286 2214 pretenta.
319 2155 461 2217 Vulgatum
481 2157 540 2204 loeo
560 2155 645 2220 aptius
668 2152 780 2204 videtur.
823 2157 885 2206 dem.
923 2154 1028 2220 Bipont.
1048 2155 1192 2219 conjiciunt
1214 2157 1266 2218 leg.

159 2218 248 2278 promti
259 2217 357 2267 interim
365 2219 459 2269 ultioni.

660 2325 769 2377 NOTAE

192 2417 342 2482 eAliorum]
376 2419 441 2472 Quae
470 2419 532 2471 satis
558 2419 694 2483 indicavit,
736 2419 813 2471 rebus
824 2422 956 2472 Romanis.

160 2506 217 2542 eum
232 2494 309 2557 dixit,
320 2494 522 2545 omisdsrastellis
534 2497 694 2560 presidiisque
768 2497 918 2559 ‘Patientia
940 2497 1018 2559 ignes,
1038 2497 1128 2561 eruca]
1155 2499 1266 2550 Diversa

161 2570 313 2632 militariam,
334 2573 374 2632 irc.
409 2572 475 2621 dicit
496 2572 646 2634 militariam,
667 2580 694 2623 et
733 2570 791 2619 baec
808 2571 895 2634 igitar,
910 2573 1019 2634 patibula
1037 2580 1065 2622 et
1084 2574 1182 2625 aues?
1205 2590 1266 2639 qua

160 2645 237 2694 hosce
249 2646 360 2709 opponit
370 2648 584 2711 negotiatoribus,
595 2648 694 2711 agrico-
734 2646 795 2695 mm
807 2661 883 2695 seusa
904 2648 1055 2698 Patibulum
1067 2650 1136 2700 euim
1152 2652 1266 2715 proprie,

160 2721 200 2781 lis,
212 2727 241 2770 et
257 2722 315 2773 aliis
332 2714 448 2785 pag'auis,
460 2738 523 2787 quos
543 2738 693 2787 expugnare
733 2720 760 2769 iu
785 2737 836 2786 quo
863 2722 970 2773 suffixus
996 2725 1071 2775 bomo
1099 2728 1266 2791 expanditur,

160 2794 237 2844 facile
249 2802 290 2845 est
301 2803 328 2845 et
339 2798 465 2859 spoliare:
483 2812 535 2846 nou
551 2798 614 2847 item
627 2798 693 2848 viros
733 2803 881 2848 transverso
893 2806 979 2849 tamen
991 2800 1071 2864 ligno.
1146 2801 1148 2808 '

159 2871 286 2932 militares,
314 2873 459 2934 presertim
495 2873 620 2936 praesidiis
647 2887 692 2923 seu
766 2874 838 2923 Crux
858 2886 919 2923 uero
932 2875 1030 2934 etiaim,
1052 2890 1109 2942 cnm
1129 2876 1151 2925 is
1174 2884 1265 2927 erecto

159 2947 274 2997 castellis
286 2962 343 2997 sese
355 2948 534 3001 defendentes.
732 2948 894 3014 simplicique
906 2949 990 3012 stipiti
1005 2948 1129 3011 affigitur,
1144 2950 1199 3001 sire
1209 2949 1265 3000 inti·

163 3044 166 3053 ¹
194 3024 265 3079 Quod
281 3024 424 3073 dinanum
440 3024 549 3089 spolium,
560 3030 601 3089 ipe.
615 3026 690 3077 intel·
732 3024 819 3087 gitnrt
836 3024 947 3073 diximus
965 3024 1068 3073 abunde
1080 3026 1107 3073 ia
1123 3025 1218 3075 libellis
1235 3029 1265 3075 de

158 3097 201 3161 ligi
213 3107 302 3162 potest
312 3100 344 3148 de
355 3100 420 3163 ipsis
433 3102 505 3164 locis,
516 3102 560 3166 qui
571 3103 649 3151 lutati
661 3109 690 3152 et
732 3101 817 3149 Gracc.
851 3100 961 3162 Lipsius.

158 3174 292 3234 uberrimi,
305 3180 328 3224 et
344 3176 453 3238 aliorum,
464 3176 490 3224 id
507 3184 557 3237 est,
572 3178 688 3227 castello·
761 3171 905 3235 'Tanquam
915 3174 1033 3223 reddituri
1043 3174 1195 3239 suppliciam]
1212 3175 1265 3226 Po.

158 3266 214 3301 rum
232 3258 260 3301 et
279 3252 458 3315 praesidiorum
478 3252 625 3301 militarium
645 3268 690 3316 op·
731 3247 791 3307 tius,
800 3249 938 3298 reddituris.
971 3249 1085 3312 Lipsius.

158 3330 320 3393 pugnatione
331 3343 434 3391 segnes,
446 3334 476 3377 ut
487 3328 531 3393 qui
543 3344 575 3377 ea
589 3330 690 3379 omitte·
764 3324 884 3385 TW*
892 3323 1032 3387 reddituri]
1042 3324 1115 3382 Mihi,
1136 3326 1264 3390 reddiittt',

158 3412 227 3467 rent,
238 3405 294 3454 laeti
315 3405 404 3469 praeda
427 3411 455 3454 et
471 3405 573 3468 opibus,
585 3420 647 3470 quas
661 3406 691 3453 il·
731 3398 813 3461 mugit
824 3398 958 3462 probetur,
969 3405 999 3448 ut
1016 3399 1086 3447 idem
1105 3400 1149 3463 sit,
1159 3403 1265 3466 retem,

158 3480 213 3529 lesi
226 3480 392 3543 diripiebant.
733 3474 800 3537 quod
819 3475 977 3538 persolvere.
997 3475 1080 3524 -Nam
1097 3484 1124 3525 et
1134 3477 1156 3525 ei
1167 3480 1265 3528 reddere

189 3556 202 3589 ‘¹
213 3556 373 3619 Septuaginta
383 3555 459 3605 millia
468 3555 567 3618 ciuium]
580 3556 615 3605 At
626 3556 692 3617 Dio,
729 3549 882 3613 supplitium,
893 3549 933 3597 vei
949 3551 1039 3612 penae,
1060 3550 1210 3616 pleramque
1221 3568 1263 3602 ac·

159 3630 324 3699 inpleraque
340 3630 388 3679 bac
399 3630 506 3679 historia
516 3630 598 3679 Taciti
618 3632 691 3680 velut
731 3624 785 3687 11Ρί
803 3625 871 3673 tolet
894 3639 942 3687 pro
964 3626 1076 3688 pttniret
1103 3632 1189 3676 tamea
1210 3641 1262 3677 nou

159 3706 306 3770 interpres,
315 3706 424 3768 periisse
442 3706 489 3766 ait,
504 3705 614 3770 μυριάδας
630 3705 691 3754 ὀκτὼ
731 3701 817 3762 rideo,
835 3716 883 3750 cnr
902 3715 952 3750 nou
973 3702 1057 3765 possit
1077 3704 1154 3751 etiam
1173 3715 1263 3753 senene

161 3780 370 3841 terrerentur
389 3780 428 3829 rel
442 3784 491 3829 τῶν
505 3779 635 3843 συμμάχων
651 3782 691 3831 αὐ-
730 3777 857 3839 conuerti,
868 3776 1009 3827 meandum
1029 3778 1186 3840 propositam
1206 3791 1264 3827 nar.

162 3859 216 3907 νῦν.
249 3857 288 3905 Ut
310 3856 350 3906 tric
370 3870 456 3914 nnxx.
476 3856 586 3907 fortasse
605 3858 691 3907 varior
730 3856 868 3905 rationem.

161 3933 343 3997 seripturasit.
369 3933 475 3995 Lipsius.
764 3930 878 3978 Etcum
900 3935 973 3978 recte
996 3929 1106 3990 dicatur,
1126 3930 1263 3993 dependere,

191 4010 292 4058 Vanam
314 4008 395 4058 fuerit
414 4010 545 4072 berngero
569 4010 690 4059 Tacitum
731 4007 772 4054 vel
789 4007 921 4069 persolm
939 4019 1027 4067 naas,
1045 4017 1093 4053 cur
1114 4002 1261 4066 noctuam,

161 4097 207 4145 per
224 4084 374 4135 Graeculum
393 4074 533 4148 auctorem,
553 4086 596 4150 qni
616 4098 689 4134 ranae
729 4077 944 4144 reddereproeunei
969 4079 1053 4129 Sicuti
1076 4078 1207 4139 puniam
1226 4096 1261 4130 ω

161 4157 230 4224 fidel,
245 4158 269 4209 ei
289 4158 346 4223 quie
364 4172 486 4225 unquam,
507 4160 690 4224 prasertimin
727 4156 1148 4225 adsumetuddereoeeeliem.
