2984 4850
154 452 283 516 ωσι]
481 449 686 499 suusnruu
712 451 783 530 ura,
806 427 872 501 xvi.
1158 399 1244 508 1875

153 597 307 680 promtius
336 599 509 662 accusatio
528 599 732 664 decernitur:
756 601 1028 688 decemutnrque²
1050 609 1082 670 et
1095 613 1242 673 maneat'

153 697 404 778 provincialibus
431 701 611 782 potentiam
625 711 733 765 suum³
757 704 817 767 tali
842 704 941 768 modo
955 706 1166 771 ostentandi:¹
1182 705 1242 774 sed

152 795 220 859 laus
232 797 336 862 fulsa'
348 805 381 863 et
395 802 551 882 precibus
562 821 726 886 expressa
735 807 874 888 perinde
888 807 1127 886 coliibeuutur,⁴
1140 827 1240 891 quarn

150 898 280 976 malitia,
294 895 396 982 'quam
410 903 596 969 crudelitas.
640 903 744 968 Plura
759 925 851 989 saepo
866 911 1076 990 peccantur,¹¹
1088 908 1168 974 dum
1183 908 1240 972 de·

150 1076 284 1139 cujuspiam
302 1080 403 1155 gretie,
419 1082 490 1132 itaet
507 1081 608 1134 facilius
626 1082 770 1134 delationes
788 1083 997 1136 constituuntur:
1011 1091 1142 1138 statuatur
1150 1085 1240 1150 igitar,

149 1147 176 1190 et
192 1155 268 1216 peaes
288 1152 324 1193 sst
342 1147 512 1210 provinciales
523 1163 555 1197 eo
574 1148 652 1198 modo
669 1150 852 1199 anctoritatem
870 1163 942 1198 susm
953 1149 1103 1200 venditare:
1120 1151 1166 1200 ssd
1185 1152 1239 1200 laus

151 1212 278 1281 ementita,
293 1214 322 1258 st
339 1211 528 1274 precationibus
544 1209 697 1275 efflagitata,
712 1211 822 1276 perinde
841 1212 1010 1264 coiirceantor
1029 1229 1060 1264 ao
1077 1215 1192 1277 pravitas
1212 1219 1241 1266 er

151 1276 254 1319 savina.
286 1272 369 1322 Plura
380 1287 451 1338 saepe
462 1274 657 1340 delinquuntur,
669 1277 729 1324 dum
741 1277 850 1326 colimus
859 1277 952 1340 socios,
963 1278 1111 1342 quamdam
1121 1292 1160 1327 eos
1169 1277 1239 1327 laedi·

602 1424 780 1453 κοκκίνην

149 1539 206 1610 yant
216 1535 362 1586 Gronovius
374 1547 402 1587 et
416 1540 541 1604 Ryckius,
550 1545 578 1590 et
592 1539 746 1603 Bipont.-2
759 1541 826 1590 Haec
837 1540 931 1591 absunt
943 1557 958 1590 a
969 1541 1020 1592 Ms.
1038 1539 1114 1595 Curb.
1147 1541 1183 1591 Ni
1192 1551 1240 1607 per

148 1611 246 1647 ironiam
265 1602 322 1650 haec
345 1601 417 1651 dicta
441 1610 605 1666 caperentur,
621 1605 723 1668 Lipsius
744 1604 908 1664 emendabat,
929 1607 1068 1653 decantatur
1089 1619 1118 1654 uc
1137 1611 1239 1654 moreat.

147 1661 303 1715 Erotium—3
314 1679 381 1716 suum
391 1681 442 1715 uon
454 1668 533 1717 habet
542 1668 706 1718 Budens.-d
718 1668 749 1716 In
757 1670 808 1720 Mu.
819 1668 909 1719 Guelf.
922 1668 1035 1742 secunda
1044 1682 1130 1730 manu,
1149 1669 1239 1744 rodibe-

636 1795 746 1845 NOTAE

146 1889 150 1896 ’
174 1894 256 1958 igitur
276 1913 329 1947 non
345 1914 446 1949 omnem
468 1899 570 1949 laudem
586 1899 669 1963 prohi-¹
708 1899 777 1947 visus
789 1905 829 1948 est
840 1899 935 1948 sentire
947 1897 1049 1966 Lipsius
1060 1897 1087 1946 in
1097 1897 1241 1949 novissimis

145 1965 203 2018 bere
223 1971 328 2022 videtur
352 1973 479 2035 Thrasea,
495 1975 541 2022 sed
568 1979 669 2023 tautum
710 1974 851 2024 suisnotis.
885 1973 998 2022 Picdeuu.

144 2041 227 2094 falsam
239 2053 268 2096 et
278 2047 401 2109 precibus
413 2049 577 2097 solicitatam.
742 2049 825 2098 Porro
844 2047 893 2098 ista
916 2049 1023 2113 phrasis,
1042 2054 1135 2098 monent
1145 2049 1240 2111 prociu-

173 2119 207 2168 Bt
233 2127 322 2171 tannen
345 2121 421 2184 infra,
445 2124 669 2174 senatusconsulto
708 2123 806 2172 uuum
823 2124 953 2186 potentium
963 2125 1107 2186 ostentandi,
1119 2121 1188 2174 facta
1200 2130 1241 2173 est

144 2195 220 2244 omnis
243 2198 302 2246 laus
324 2199 517 2261 provincialium
540 2199 669 2262 prolribita
711 2199 744 2248 ad
756 2201 863 2249 eandem
874 2201 1052 2266 formamque
1069 2215 1116 2250 xv.
1127 2206 1151 2253 6.
1167 2201 1240 2250 ‘Vm

143 2277 189 2320 est.
221 2274 327 2337 Quippe
344 2288 463 2336 sanxere,
487 2276 541 2322 ‘ne
556 2275 615 2349 quis
634 2274 668 2324 ad
710 2277 876 2340 logesivetus
894 2284 921 2326 et
940 2279 1043 2340 penitus
1059 2277 1165 2326 infixum
1185 2283 1241 2326 erat

142 2348 273 2397 concilium
283 2349 413 2399 sociorum
424 2349 544 2413 referret,
554 2349 668 2414 agendas
709 2366 782 2401 arma
794 2354 865 2402 Rom.
878 2353 995 2402 vitandi!
1028 2353 1212 2402 Freinshemius.

142 2423 207 2485 apud
215 2434 346 2490 senatum,
357 2426 571 2491 propraetoribus,
577 2438 668 2490 prove·
742 2436 760 2460 v
769 2428 817 2477 Sed
827 2431 877 2477 tuus
886 2426 964 2489 salso]
981 2427 1019 2475 At
1035 2428 1057 2475 si
1074 2426 1137 2474 salso
1154 2433 1241 2490 grates

141 2500 282 2550 consulibus
291 2502 456 2565 grates‚'&c.
547 2547 550 2551 .
631 2558 636 2565 ,
710 2502 858 2551 referantur
870 2502 1022 2565 proconsuli,
1032 2502 1053 2549 si
1068 2500 1139 2549 salsae
1149 2500 1241 2549 laudes

170 2572 237 2626 Quia
264 2582 356 2625 auctor
379 2577 454 2641 liujus
479 2574 669 2626 constitutionis
707 2578 868 2641 ingerantur,
885 2579 906 2627 si
925 2578 1046 2641 precibus
1066 2575 1241 2643 efflagitentur

138 2644 188 2697 luit
198 2651 332 2717 princeps,
344 2666 424 2714 penes
436 2666 512 2715 quem
523 2650 573 2701 fuit
584 2651 670 2699 deme·
706 2654 760 2703 illae
772 2660 868 2716 grates,
880 2653 935 2717 pari
946 2666 1023 2717 poeua
1034 2652 1183 2703 coerceatur
1195 2653 1241 2701 illa

140 2736 167 2771 re
178 2724 217 2773 vel
229 2724 328 2774 addere
341 2724 437 2789 aliquid
452 2726 490 2775 rei
501 2725 669 2789 propositas
708 2730 823 2791 ambitio,
847 2736 925 2793 atque
952 2729 1061 2778 esuritio
1087 2728 1240 2793 amvitiaque

139 2807 265 2864 senatore,
278 2816 327 2864 pro
338 2802 421 2850 libito.
708 2805 830 2869 prasenti
841 2804 990 2870 provinciae.
1151 2848 1154 2857 ,

170 2874 203 2922 Et
213 2875 338 2939 massada]
356 2876 391 2925 Et
399 2874 613 2939 quemadmodum
622 2889 669 2939 pro
740 2887 754 2913 ¹
765 2882 842 2929 Plura
851 2895 912 2945 sepe
920 2878 1057 2943 peccentur]
1072 2876 1154 2926 Plura
1168 2890 1239 2941 saepe

138 2956 199 2999 nutu
219 2958 248 3000 et
268 2951 380 3000 libidine
400 2951 512 3015 alicujus
534 2940 669 3015 praevalidi
708 2952 855 3021 peccamus,
887 2958 944 3005 dum
976 2956 1118 3003 demeremur
1148 2953 1242 3013 socios,

138 3026 301 3085 provincialis
317 3026 442 3088 promtius
454 3032 539 3089 gretes
561 3039 669 3089 procon·
708 3047 785 3096 quam
810 3046 869 3080 cum
891 3030 949 3078 illos
971 3028 1128 3091 fflmdimun
1145 3016 1240 3089 quippe

138 3101 185 3149 suli
196 3104 359 3165 referuntur,
371 3104 444 3152 itaet
464 3117 512 3166 pro
527 3110 590 3151 nutu
601 3102 669 3166 ejus·
709 3111 764 3156 tum
782 3106 892 3154 virtutes
909 3115 1069 3157 exercemus,
1086 3115 1144 3149 rum
1161 3098 1248 3149 offane

137 3176 204 3240 dem,
215 3180 343 3242 promtius
362 3179 442 3227 etiam
460 3178 588 3227 accusatio
609 3192 668 3240 pro-
708 3181 799 3230 dimus.
831 3180 866 3227 Et
878 3173 980 3226 tantum
999 3175 1073 3224 abest
1084 3180 1112 3223 ut
1123 3176 1179 3224 illos
1192 3175 1241 3222 vir·

136 3254 247 3303 consulis
259 3252 422 3316 decernitur,
433 3268 525 3316 nempe
536 3268 552 3301 a
569 3252 668 3315 provin·
708 3256 808 3303 tutibus
821 3254 1008 3313 demereumur,
1020 3251 1082 3315 quin
1094 3251 1182 3315 potius
1194 3251 1241 3299 iur-

135 3327 252 3393 ciallbus‚
264 3338 293 3380 et
306 3332 332 3380 in
341 3331 450 3379 concilio
463 3328 668 3394 provincialium.
708 3344 750 3378 mo
762 3327 879 3393 quaedam
892 3328 1002 3377 virtutes
1019 3328 1078 3377 odio
1088 3334 1156 3391 sunt,
1167 3334 1197 3377 ut
1215 3344 1240 3377 v.
1321 3368 1324 3373 .

166 3405 230 3453 Esto
242 3405 402 3454 dereruutur
416 3404 452 3466 id,
462 3411 615 3466 maneatque
623 3404 668 3465 jus
709 3421 735 3468 g.
752 3408 866 3453 severitus
885 3404 1011 3466 oirtiuutu,
1027 3404 1192 3467 incorruptus
1211 3410 1239 3453 et

132 3481 316 3542 prouincialibus
323 3471 454 3543 potentium
464 3479 509 3528 tuti
516 3480 583 3528 modo
593 3484 669 3527 ortem·
708 3480 826 3541 infractus
834 3481 945 3528 aduersus
953 3481 1059 3541 gratiam
1066 3480 1176 3527 unimus·

134 3557 207 3607 madi.
238 3557 440 3619 Decernaturpue,
451 3556 538 3625 idest,
547 3556 669 3604 decerna·
741 3557 777 3603 Et
789 3554 847 3617 quia
867 3554 923 3602 illos
935 3554 961 3601 in
975 3553 1026 3601 fine
1042 3554 1240 3615 magistratuum

134 3633 280 3681 taretiam.
309 3632 371 3681 Esto
382 3632 549 3697 decernatur,
560 3634 611 3681 dre.
622 3630 668 3681 sed
709 3628 879 3690 demeremur,
890 3628 950 3690 quia
970 3634 1024 3675 tum
1043 3628 1153 3676 virtutes
1173 3628 1241 3677 iutra

133 3704 187 3756 laus
199 3706 269 3756 falsa
281 3708 500 3771 colribeatur,&c.
709 3705 820 3770 gratiam
843 3710 871 3753 et
891 3702 1074 3763 adulationem,
1094 3704 1148 3752 irinc
1168 3704 1241 3751 tuitio

163 3788 174 3813 s
192 3782 228 3831 El
237 3783 346 3845 minuent]
362 3783 528 3831 Decernatur
536 3780 669 3831 accusatio
709 3781 891 3841 magistratuum
912 3778 1051 3840 meliorum
1063 3778 1126 3843 fisis
1142 3777 1241 3826 inclinat

134 3856 166 3905 ad
184 3858 388 3921 provincialium
404 3863 504 3921 nutum,
521 3863 549 3906 et
566 3863 669 3905 maneat
709 3855 882 3918 desciscitque
895 3856 922 3904 in
931 3855 1017 3918 pejus,
1028 3848 1087 3903 duur
1100 3855 1176 3903 instar
1186 3866 1241 3901 euu-

130 3932 180 3981 iilis
207 3948 273 3981 usus
301 3939 328 3980 et
352 3931 492 3980 auctoritas
526 3932 669 3993 potentiam
708 3934 843 3981 didutorum
855 3930 976 3995 suffragia
988 3934 1091 3981 illorum
1109 3940 1242 3990 venamur,

132 4023 203 4057 suam
228 4008 281 4057 tali
304 4007 380 4056 modo
401 4006 556 4055 ostentandi.
589 4006 669 4057 Quasi
709 4016 737 4057 et
755 4008 870 4057 favorem
890 4023 1047 4071 aucupamur
1066 4022 1113 4070 per
1131 4004 1241 4067 flagitia,

131 4082 213 4144 dicat,
223 4084 288 4132 Hoc
302 4082 365 4129 nihil
382 4080 473 4138 refert,
492 4089 520 4129 et
531 4088 669 4143 utcumque
709 4079 738 4132 ut
748 4081 1239 4147 gratesnobisaganturapudsenatum.

130 4159 238 4208 tolerari
250 4163 351 4223 potest.
383 4157 435 4205 Sed
446 4156 670 4217 luaafolsu,etprs-
742 4160 819 4209 Forte
829 4158 1024 4221 talia'suffragia
1036 4157 1161 4206 sociorum
1169 4168 1240 4219 mag·

129 4234 320 4301 riiuamem
326 4234 484 4284 cohibeatur.
493 4234 569 4283 Idem
578 4238 671 4295 postes
709 4224 743 4285 uo
755 4235 841 4284 studio
853 4232 1078 4296 consectabantur,
1087 4238 1117 4281 ut
1128 4230 1164 4280 sic
1174 4231 1239 4295 pub=
