2984 4850
146 406 312 487 eccur
514 396 725 456 aurearum
750 407 824 457 orn⁴
850 392 916 459 xv.
1167 386 1255 463 1925
1318 367 1322 371 ⁴

647 567 755 621 NO'I'AE

147 692 197 742 que
208 680 382 741 auctoritate3
397 684 426 730 et
436 679 536 730 ironice
545 679 573 729 id
581 680 680 730 dictum
720 680 761 731 tia
782 678 875 729 illudat
894 674 965 729 Noto
984 676 1079 728 misero
1092 676 1193 745 juveni,
1209 678 1260 746 qul'

147 753 258 816 Neroni,
269 768 301 805 ae
313 762 401 806 tomen
411 755 445 805 ad
456 756 565 806 crimen.
592 756 630 806 Ut
641 756 681 820 ut,
720 753 849 804 modestia
858 752 1035 817 precellebat,
1045 758 1113 803 teste
1121 754 1200 806 Τειο.ι
1209 757 1255 820 qui

146 831 260 880 cumisti
271 847 353 896 genus
368 834 484 884 homines
500 833 680 883 administrau-
719 828 846 878 intentior
867 834 940 878 metu
961 831 990 877 et
1009 827 1091 878 exitio
1109 831 1198 891 patrui
1219 830 1254 881 ad

147 906 185 955 ἀίω
195 908 283 957 multis
291 908 400 971 divitiis,
409 910 489 959 etiam
497 908 607 972 privatis
615 923 680 973 pra·
719 903 918 967 precavendum
938 903 1080 953 exterritus
1099 904 1183 955 eretr'
1208 908 1253 972 qut

145 981 275 1031 ficiuntur.
308 984 387 1033 Tales
400 984 478 1033 etism
495 998 542 1033 nos
558 997 678 1055 procura·¹
718 992 768 1027 uec
788 979 895 1043 nobiles,
915 992 965 1029 nee
981 978 1059 1028 etism
1081 979 1188 1031 libertos
1206 982 1254 1033 uu

144 1063 214 1106 tores
235 1072 371 1122 procerum
398 1075 519 1109 vocamus
548 1061 625 1124 vulgo
649 1066 678 1110 et
718 1055 823 1105 nomine
845 1049 945 1105 inbuit·
979 1054 1069 1119 thue
1096 1056 1161 1106 adeo
1188 1059 1253 1108 talis

142 1134 249 1201 ironice,
267 1150 362 1196 gruem
383 1150 424 1184 see
441 1150 540 1198 mssvuos
562 1136 677 1200 dominos.
717 1130 813 1179 mum
830 1144 936 1195 summe,
953 1143 998 1179 seu
1015 1129 1166 1195 principalis
1188 1149 1252 1185 οισι

145 1207 206 1258 Hoc
216 1211 294 1270 malo,
305 1212 367 1274 qnia
378 1211 429 1259 illrc
440 1210 616 1261 correctiones
630 1225 678 1261 sae·
718 1205 895 1267 vroecavebssi·

144 1282 203 1347 pior
231 1300 313 1348 vanae,
340 1285 422 1349 talem,
444 1300 475 1335 ao
499 1285 590 1337 futiles
607 1294 676 1353 gunt,
751 1280 843 1345 ltaque
860 1280 1027 1345 impudenter
1042 1279 1099 1331 brec
1109 1281 1251 1335 ementitus

142 1372 298 1424 semperque
311 1369 450 1423 respecta.
716 1353 800 1416 Nero,
811 1356 944 1422 illusitque
962 1356 1130 1427 conscientie
1147 1358 1250 1421 generis

176 1436 243 1491 Quis
261 1451 314 1486 euos
335 1436 424 1486 sobiler
443 1436 539 1501 budae]
564 1436 676 1489 Quidni
715 1427 829 1479 immani·

140 1508 230 1559 mitta
255 1512 352 1576 aliquo,
378 1512 475 1561 habere
497 1512 584 1577 potuit
603 1529 674 1564 mom
749 1506 814 1555 Cum
832 1505 991 1571 interpretes
1010 1515 1156 1574 opponunt,
1167 1507 1249 1573 impe.

140 1584 305 1648 (incorum,
316 1584 384 1636 forte
400 1592 427 1637 et
437 1602 471 1636 ex
481 1588 543 1650 ipsis
555 1589 607 1637 sois
618 1604 674 1651 pro.
714 1590 814 1631 ratores
825 1598 876 1633 nou
888 1598 945 1633 esse
957 1572 1143 1635 usossobilibrrs
1153 1583 1179 1633 in
1191 1584 1249 1638 baee

140 1660 255 1724 pinquis,
267 1668 312 1727 aut
327 1662 383 1710 aliis
401 1662 537 1725 nobilibus,
546 1663 592 1727 qui
602 1661 673 1714 forte
712 1658 864 1721 ministeria,
893 1674 954 1735 {ere
982 1660 1008 1709 id
1039 1660 1138 1711 dicunt·
1188 1662 1248 1711 Non

139 1734 323 1785 reltomiliaris
333 1738 458 1800 angustiis
466 1738 561 1803 eduen,
569 1739 595 1788 id
604 1740 673 1791 ultro
713 1733 781 1782 enim
792 1748 887 1783 arcana
897 1749 943 1783 sua
953 1735 1082 1784 nobilibus
1098 1736 1248 1801 crederent,

138 1808 308 1876 flagitarent?
335 1813 390 1862 dixi
409 1828 481 1863 more
503 1813 672 1877 Graecorum3
712 1822 764 1857 ⁰⁰¹¹
783 1808 844 1872 quit
866 1808 966 1871 pudore
984 1809 1116 1873 deterriti,
1135 1818 1166 1860 ut
1182 1823 1249 1860 me·

138 1886 174 1936 de
192 1887 287 1951 quibus
307 1888 345 1939 sic
364 1889 468 1939 Comei.
484 1890 610 1953 Neposin
622 1891 673 1939 En.
713 1890 785 1945 runt,
796 1884 933 1933 servilibus
953 1884 1103 1933 ministeriis
1121 1899 1165 1936 eos
1177 1884 1248 1935 adbi-

138 1974 234 2039 ,ἕως
252 1962 418 2026 dephilippo
435 1964 581 2013 Macedone
593 1966 673 2029 loqui.
713 1958 801 2023 bonor,
812 1960 858 2011 sed
877 1960 975 2009 invidia
993 1960 1079 2024 potius
1098 1970 1126 2013 et
1146 1964 1249 2013 remuls-

137 2036 197 2085 tur'i
214 2037 276 2087 ‘Sic
286 2038 375 2103 itaque
383 2053 442 2087 eum
452 2038 619 2104 (Eumenem)
629 2042 672 2089 ba·
712 2036 791 2085 tione.
818 2037 867 2105 'Ne
885 2036 911 2084 id
926 2034 1123 2096 lucrifacerent,
1132 2036 1176 2101 qui
1187 2038 1248 2087 stir-

138 2112 199 2162 bnit
216 2113 249 2162 sd
267 2128 372 2162 manum
390 2113 483 2162 scribae
508 2116 582 2176 loco;
601 2115 671 2180 quod
712 2127 746 2177 pe
766 2112 879 2162 illustres
899 2120 983 2176 erent,
1000 2128 1032 2162 ne
1055 2128 1117 2177 opes
1135 2121 1247 2167 vetustte

138 2188 223 2237 multo
244 2188 313 2252 apud
336 2188 444 2238 Graecos
460 2189 672 2240 honorificentius
712 2187 845 2239 nobilitati
854 2190 1034 2253 adjungerent.

136 2268 193 2323 est,
202 2276 278 2327 quam
290 2262 359 2325 apud
367 2264 504 2313 Romanos.
523 2265 590 2313 Nam
602 2265 671 2327 apud
744 2262 813 2311 Nam
824 2262 921 2325 liberti,
937 2263 982 2327 qui
993 2278 1008 2310 a
1019 2262 1114 2312 libellis
1127 2259 1156 2313 et
1167 2264 1245 2315 ratio·

136 2351 185 2387 nos
213 2353 315 2401 revera,
340 2338 498 2402 eleutrum,
518 2340 671 2389 mercenarii
712 2336 788 2385 nibus
800 2338 935 2402 principis,
947 2352 978 2386 eo
995 2338 1052 2400 ipso
1069 2339 1157 2387 statim
1174 2339 1247 2389 nobi·

136 2413 229 2464 scribae
242 2413 440 2465 existimentur:
458 2421 487 2465 at
503 2416 572 2479 apud
587 2416 671 2466 illose
711 2412 798 2476 liores,
807 2420 834 2464 et
843 2414 950 2464 ditiores
960 2412 1172 2478 potentioresque
1181 2414 1246 2480 ipsis

135 2489 283 2538 contrario:
303 2505 379 2541 nemo
401 2490 434 2540 ad
454 2490 481 2539 id
503 2489 670 2541 officinmad-
711 2489 822 2552 regibus.
856 2489 938 2537 Immo
950 2495 977 2538 et
996 2489 1157 2552 potentiores
1174 2505 1246 2554 serpe

132 2566 260 2630 mittitur,
271 2567 320 2616 nisi
335 2569 443 2616 bonetto
455 2567 522 2629 loco,
539 2574 567 2617 et
579 2566 631 2616 fide
642 2575 670 2617 ct
711 2564 768 2628 ipso
786 2566 913 2628 principe.
945 2565 980 2614 Et
997 2564 1054 2614 istis
1072 2566 1152 2614 servis
1169 2581 1246 2630 repes

133 2641 264 2692 industria
283 2644 396 2707 cognito,
416 2643 485 2708 quod
505 2654 612 2693 necesse
627 2651 670 2694 est
710 2641 895 2705 inserviebant,
906 2649 1032 2708 erantque
1050 2643 1099 2707 ipsi
1116 2643 1184 2693 servi
1205 2658 1246 2695 rc·

133 2721 250 2770 omnium
268 2720 432 2770 consiliorum
444 2734 503 2770 eum
522 2735 579 2769 esse
590 2721 669 2784 porti·
710 2733 769 2782 gum
781 2733 866 2784 reges,
883 2726 912 2770 et
929 2734 1000 2783 saepe
1018 2717 1136 2770 domiuus
1148 2719 1246 2770 domiui

133 2795 242 2858 cipere!
364 2789 366 2792 ’
673 2842 676 2846 ,
709 2792 889 2844 fuitlibertus.

169 2869 301 2933 Quicquid
319 2869 363 2932 sit,
380 2869 448 2918 baud
468 2867 546 2918 dubie
564 2869 669 2933 scripsit
742 2870 852 2934 Nobiles]
873 2872 966 2920 Putem
991 2873 1049 2921 lraec
1070 2887 1145 2934 vana,
1170 2871 1246 2938 falsa,
1300 2906 1302 2918 .

133 2943 254 3003 Tacitus,
275 2945 380 2994 Nobiles.
423 2947 458 2995 Et
481 2945 566 2995 illudit
588 2947 668 2995 exitio
709 2943 823 3012 fictaque
841 2947 873 2995 de
893 2945 1007 3012 nobilibus
1024 2961 1039 2994 a
1058 2947 1173 2995 Nerone.
1208 2947 1245 2997 Et

133 3019 267 3071 bominum
285 3021 367 3083 Nero,
385 3020 473 3090 illudit
491 3020 669 3084 seuutui,illu·
710 3023 774 3073 nihil
786 3025 886 3086 mirum,
898 3022 967 3087 quod
979 3022 1087 3070 baberet
1103 3022 1146 3070 ille
1162 3022 1244 3070 liber·

132 3093 175 3145 dit
193 3094 311 3159 imperio,
322 3095 441 3145 omnibus
461 3097 624 3161 mortalibus,
642 3104 670 3147 et
711 3104 751 3146 tos
762 3097 791 3145 ub
802 3098 916 3161 epistolis,
935 3095 1003 3145 forte
1024 3102 1052 3145 et
1068 3111 1083 3144 u
1102 3095 1244 3160 rationibus,

132 3170 246 3233 ipsemet
272 3185 394 3234 magnum
427 3171 567 3221 ludibrium
591 3178 670 3237 atque
710 3171 1261 3238 nempe,quirerufaurilisremipsiusprl·-

134 3253 282 3298 ostentum:
311 3263 399 3312 sopra,
420 3252 428 3276 ‘
447 3249 586 3312 majoribus
605 3249 670 3298 ludi·
709 3256 797 3299 vatam
814 3254 999 3313 procurarent:
1016 3255 1044 3297 et
1059 3248 1127 3313 quod
1145 3247 1245 3300 crimen

134 3323 199 3375 briis
210 3340 288 3389 quam
298 3323 391 3374 malis!
419 3325 455 3374 Et
472 3326 587 3376 libbist.
600 3326 669 3376 Mar·
708 3324 794 3374 illud?

57 3395 61 3401 '
133 3400 218 3449 celius
230 3401 327 3465 Eprius
339 3401 442 3465 jactat:
458 3400 522 3452 ‘Sic
537 3403 669 3452 Neronem
741 3400 778 3450 Et
788 3404 860 3450 certe
871 3399 951 3448 liberti
960 3399 1159 3463 Siluuitantum‚
1168 3400 1243 3450 oiucti

132 3472 245 3524 illusisse
267 3473 393 3524 senatuie'
407 3475 444 3524 sic
467 3475 533 3525 falso
552 3493 669 3547 vanaque
708 3477 860 3540 abreptique:
876 3475 922 3524 sed
941 3475 1002 3524 mali
1024 3468 1142 3538 magistri
1162 3475 1243 3525 domi-

134 3549 242 3600 crimina
253 3548 378 3614 tingebat,
388 3550 480 3615 quibus
491 3551 613 3601 illuderet
626 3567 669 3616 pa·
708 3553 828 3601 nationis¹
841 3551 878 3600 sic
901 3564 942 3600 res
968 3550 1186 3615 interpretantur,
1214 3555 1244 3604 ut
1276 3611 1277 3614 Ἴ

133 3624 230 3675 tribus.
248 3626 284 3674 Et
293 3624 362 3675 infra
372 3627 390 3675 l.
402 3639 461 3676 xvr.
478 3628 572 3692 Majori
584 3627 668 3678 adbuc
708 3629 790 3679 bonos
811 3627 972 3689 interimant,
984 3641 1064 3690 seque
1076 3627 1127 3692 ipsi
1138 3627 1242 3678 demum
1286 3652 1288 3656 ·

133 3700 297 3765 impudentia
307 3701 411 3752 deridet
428 3701 510 3752 filium
524 3702 612 3752 fratris
622 3705 668 3753 bu·
708 3703 887 3767 pessumdent,
920 3709 948 3752 et
984 3702 1059 3751 simul
1089 3703 1242 3768 principem.

128 3777 174 3840 jus
186 3777 267 3843 ipsios
277 3777 373 3827 Silani:
392 3777 502 3842 ‘Ipsum
520 3779 614 3828 debinc
630 3780 668 3828 Si·
707 3783 786 3831 Forte
803 3795 851 3845 per
867 3778 970 3828 irrisuro
987 3785 1015 3829 et
1031 3779 1185 3829 calumniam
1196 3794 1241 3828 vo-

133 3854 222 3902 lonum
241 3851 373 3917 increpuit
390 3853 491 3914 iisdem,
508 3853 601 3918 quibus
624 3869 667 3917 pu·
706 3857 932 3920 cabatoolu'lesqui
945 3857 1014 3904 servi
1026 3856 1242 3918 etiibertieront,

133 3934 220 3977 trnunr
236 3929 291 3992 ejus
302 3930 471 3992 Torquatum,
482 3935 603 3994 tanquam
615 3929 667 3978 dis·
706 3948 738 3983 eo
749 3934 868 3997 exemplo
878 3947 930 3997 quo
948 3932 1044 3982 liberta
1053 3931 1123 3982 Acte
1142 3946 1174 3980 cx
1193 3931 1241 3981 At.

132 4010 243 4068 poneret
264 4005 320 4068 jam
342 4005 444 4068 imperii
467 4020 554 4068 curas,
581 4005 665 4071 praefi-
707 4010 790 4059 talleis
802 4010 906 4074 regibus
915 4015 982 4068 orta,
993 4014 1022 4058 ut
1039 4009 1126 4056 Pallas
1139 4006 1239 4058 Claudii

130 4086 259 4144 oeretque
286 4079 431 4129 rationibus
458 4087 486 4130 et
509 4078 612 4146 libellis,
638 4085 667 4131 et
705 4085 818 4134 libertus
830 4081 862 4134 ex
875 4083 997 4134 Arcadia
1015 4083 1116 4148 regibus
1127 4081 1238 4132 traxisse

133 4153 393 4220 epistolislibertos!
595 4221 597 4225 ἵ
707 4161 831 4223 originem
844 4153 987 4212 dicebatur.

167 4228 249 4280 muer
266 4235 365 4296 quauta
376 4229 487 4281 audacia
498 4238 525 4282 ct
536 4232 668 4300 impuden·
741 4235 852 4303 Nobiles]
867 4235 921 4287 Per
940 4233 1038 4293 nobiles,
1058 4229 1242 4296 intelligeban-v
