2984 4850
150 385 178 440 J.
190 385 287 450 dm]
308 439 312 449 ,
499 383 705 436 tunsarum
730 387 802 438 nie.
825 388 918 440 xm
1166 375 1253 450 lena

151 529 266 634 tnnuts
288 523 461 608 repetitam
481 522 718 602 venerantur}k
763 526 835 592 Itur
859 527 958 592 etin
985 526 1152 614 Principis
1179 533 1252 599 lau·
1355 576 1357 579 ·

150 689 292 742 cessabis
302 689 389 739 ώσω.
407 689 533 740 Celebrant
543 690 615 741 mium
622 692 725 754 glorium
736 693 841 744 Coemris
847 708 858 751 ,·
873 698 1063 758 personantqne
1074 704 1150 745 voces
1159 695 1257 754 civium
1339 663 1345 672 Ι

552 802 555 818 ¹
615 815 794 836 ”eunoun

185 885 200 931 1
219 879 352 945 Expttitm
369 881 542 931 ammantibus.
576 880 619 931 Ita
641 881 778 931 Brotierns
795 898 853 932 cum
871 885 972 949 Ryckio
992 886 1097 948 scribit3
1114 893 1142 936 et
1157 888 1201 938 ille
1216 889 1254 940 siu

151 957 207 994 rem
219 947 349 1008 explicat:
375 945 408 994 Iu
419 946 484 994 Mas.
496 947 566 995 Tlor.
582 946 650 995 Bnd.
661 948 738 996 Corb.
751 954 779 996 et
790 948 903 997 editione
913 950 1040 1013 principe,
1048 953 1177 1014 repetitum
1187 967 1255 1004 oeae·

150 1009 268 1058 mutiam.
299 1007 333 1058 In
343 1009 408 1058 Mes.
419 1009 495 1058 Harl.
506 1009 581 1058 Bodl.
591 1009 645 1060 Jes.
656 1009 745 1060 Guelf.
756 1018 783 1060 ct
795 1013 963 1074 Puteolanus,
969 1016 1095 1078 repetitum
1107 1023 1256 1067 veneranter.

152 1072 270 1136 Ryckius
281 1086 296 1120 e
307 1073 357 1122 Ma.
369 1072 433 1135 Agr.
445 1075 567 1136 sepelitur
576 1075 749 1123 ammantibus.
769 1076 877 1125 Grotius
886 1079 1049 1138 emendabat,
1059 1081 1177 1139 repetitas·
1186 1095 1254 1131 veae·

150 1137 223 1186 ratio.
258 1136 668 1199 Harlaens,repetitooenerolione.
702 1139 858 1203 Gronovius,
871 1142 1149 1203 repetitamerontiam.
1181 1144 1255 1194 Jose·

151 1201 219 1264 plius
231 1200 338 1257 Nerine,
349 1200 417 1262 quod
430 1201 500 1248 Nero
513 1199 585 1249 Antii
597 1216 666 1265 saepe
677 1201 860 1266 diversaretur,
870 1206 1028 1270 corrigebat,
1037 1208 1163 1268 repetitam
1173 1223 1256 1258 uenere

150 1264 261 1315 Antium.
296 1265 327 1312 ln
340 1265 387 1312 hac
399 1272 592 1314 tautaerrornm
604 1271 631 1314 et
640 1267 862 1329 conjectationem
873 1269 981 1332 caligine
994 1271 1119 1332 Ryeltinm
1139 1281 1167 1319 et
1186 1272 1256 1321 eodi-

152 1342 210 1378 cem
221 1327 351 1390 Agricolae
372 1342 426 1376 snus
445 1338 557 1379 secutus.
590 1329 633 1378 Sic
645 1331 684 1379 Cl.
697 1331 829 1389 Gordon,‘
841 1333 899 1380 And
918 1335 1011 1396 souglrt
1029 1343 1056 1382 to
1074 1333 1139 1382 offer
1156 1336 1207 1384 him
1228 1336 1255 1386 in

151 1392 1255 1522 militabitis?tblf'tiiirllttll³⁰⁰lttzli‘ldt‘blltlt

151 1526 194 1569 est
202 1518 282 1568 lectio
291 1519 452 1582 antiquorum
463 1519 596 1581 librorum,
607 1528 636 1569 ut
647 1521 711 1570 Mes.
724 1522 795 1571 Flor.
806 1524 874 1571 Bud.
883 1523 925 1572 ed.
938 1540 976 1586 pr.
988 1527 1055 1573 unde
1066 1527 1179 1574 restituit
1188 1527 1255 1576 Rhe·

151 1597 245 1642 nauus,
253 1597 311 1630 cum
324 1583 428 1656 Puteal.
440 1588 467 1630 et
478 1597 551 1695 reug.
562 1584 696 1633 dedissent
707 1591 857 1647 reametur,
869 1595 899 1635 ut
917 1596 958 1637 est
976 1588 1002 1636 in
1014 1588 1103 1638 Guetf.
1114 1590 1178 1640 Cod.
1189 1588 1255 1654 Agra

151 1647 276 1709 expetitur
286 1647 458 1707 venementer,
470 1660 520 1710 qno
561 1648 663 1710 recepit
681 1649 806 1712 Ryclrius.
839 1652 948 1700 Grotius
968 1653 1127 1714 conjiciebat
1137 1655 1256 1716 reperitur

150 1709 288 1760 mutio:
306 1709 426 1758 Harlmns
436 1711 539 1772 repetito
549 1711 710 1760 reiteratione:
726 1727 802 1762 sensu
812 1720 923 1778 uterque
934 1717 1076 1764 commodo.
1104 1715 1141 1765 At
1152 1719 1178 1768 J.
1190 1718 1257 1767 Gro-

151 1773 243 1824 novius
262 1773 367 1836 propior
382 1774 415 1821 ad
434 1773 590 1836 scriptorem
600 1775 703 1838 repetita
718 1777 889 1825 uenmaatiam.
922 1778 979 1828 Jos.
999 1779 1094 1826 Nerius
1109 1779 1186 1831 Auel.
1197 1794 1218 1830 1.
1229 1786 1256 1833 b.

151 1837 280 1900 repetitam
291 1850 373 1885 emere
380 1835 489 1886 Antium.
523 1838 617 1887 Carum
628 1838 753 1900 oppidum
761 1840 862 1889 Neroni
878 1839 966 1900 fuisse,
977 1855 1098 1904 saepeque
1116 1844 1152 1890 ibi
1163 1845 1256 1906 egisse,

150 1903 213 1950 satis
223 1905 337 1952 constat.
368 1900 428 1948 Vid.
441 1913 487 1948 xv.
500 1905 541 1949 23.
575 1901 675 1950 Probat
686 1908 714 1950 et
725 1901 877 1951 inversione
887 1905 1004 1966 seqnitur
1016 1905 1149 1955 Mullorus.
1167 1907 1255 1969 Ryck·

151 1965 205 2013 ium
224 1964 495 2028 seqnitanrotierus.
523 1965 622 2014 Essent.
654 1965 777 2014 Heinsius
796 1967 900 2015 Puteal.
921 1968 1044 2016 Beroaldi
1067 1975 1095 2017 et
1112 1983 1168 2033 seq.
1180 1970 1256 2034 mne,

152 2035 184 2078 nt
195 2033 268 2093 puto,
279 2027 408 2091 emendat,
423 2041 474 2076 nna
493 2027 598 2078 literula
616 2035 731 2080 memte:
748 2030 874 2093 repetitum
889 2031 945 2079 scil.
958 2030 1095 2081 Octavium
1105 2039 1260 2087 mmmm.

648 2144 755 2194 NOTAE

148 2236 159 2265 ¹
171 2236 322 2300 Purpureos
331 2249 451 2304 spargam
459 2237 544 2302 tiores,
563 2238 684 2290 animam·
722 2239 802 2290 habet
811 2239 915 2291 sueton.
926 2241 1027 2294 Domit.
1038 2247 1080 2293 la.
1096 2243 1211 2308 ‘Neque
1228 2244 1256 2301 iu

152 2329 204 2380 que
223 2317 327 2379 nepotis
349 2309 399 2366 His
418 2315 682 2384 saltemiaccnmnlem
722 2316 871 2364 reducenda
881 2324 941 2379 post
957 2313 1096 2366 divortium
1111 2333 1191 2368 uxore
1203 2318 1257 2368 edi·

151 2390 246 2457 donis!
263 2391 366 2456 [lipsius.
723 2405 782 2442 cere
804 2392 959 2457 (dubitarit)
979 2400 1129 2444 revocatam
1151 2409 1208 2444 eam
1228 2395 1255 2448 in

183 2464 309 2531 spargam
319 2468 433 2533 stamme]
452 2470 577 2521 Sciebant
595 2472 622 2519 in
641 2473 684 2521 ho·
723 2468 843 2531 pulvinar
862 2481 951 2517 suumz
969 2469 1107 2518 acclamari
1130 2469 1209 2518 etiarn
1227 2469 1255 2521 in

150 2556 215 2591 nore
232 2548 262 2593 et
279 2544 373 2593 latitia
392 2552 508 2595 sternere
526 2554 554 2596 et
572 2547 682 2609 injicere
722 2542 934 2606 Amphitheatro,
954 2544 1057 2606 epulari
1072 2542 1124 2605 die,
1143 2543 1255 2598 libenter

150 2615 310 2667 flosculoset
326 2620 445 2681 corollas,
459 2621 683 2670 atiniraetodio
723 2618 814 2681 audiit,
824 2618 935 2667 Domino
951 2625 979 2667 et
996 2619 1126 2669 domine!
1160 2620 1255 2683 Neque

148 2690 304 2759 lapidabant
316 2701 360 2745 nnt
369 2696 556 2750 subvertebant
564 2698 628 2747 talia
638 2698 683 2747 de·
723 2702 798 2758 pnto,
808 2697 888 2743 semel
897 2697 1065 2746 acclamatum
1075 2704 1127 2758 est,
1135 2697 1181 2747 sed
1192 2699 1258 2747 mul·

150 2784 222 2822 cora.
722 2770 802 2821 toties
821 2770 848 2819 id
866 2773 1023 2835 repetitum:
1047 2778 1078 2822 ut
1098 2780 1189 2824 nostro
1204 2775 1255 2826 boe
1333 2789 1336 2794 ‘

181 2844 344 2911 *nmmum
354 2848 507 2911 emeramus]
524 2849 627 2899 Iterant
637 2851 682 2899 bo·
720 2846 778 2896 loco
783 2846 878 2908 Taciti,
886 2862 938 2895 uon
949 2862 1015 2910 nego
1024 2848 1120 2909 saepius
1128 2850 1255 2899 acelama-

149 2934 227 2974 nores
248 2922 490 2973 acclamationibus:
515 2924 585 2989 qnod
601 2938 681 2987 genus
721 2928 784 2971 tum.
798 2936 870 2982 esse3
889 2923 936 2971 sed
958 2930 1029 2985 poto,
1049 2936 1100 2970 nou
1119 2923 1156 2971 ibi
1176 2936 1257 2985 agere

45 3008 49 3017 ’
148 2996 683 3049 venerationisdescribitnrabAElioLam·
720 2998 827 3049 Tacitus
850 2997 883 3045 de
912 2997 1026 3059 repetita
1051 2998 1254 3049 acclamationes

149 3070 253 3136 pridie:
271 3069 601 3137 ‘declamatumdngnste
612 3075 682 3124 iuun-
721 3086 772 3119 non
784 3072 841 3120 baec
853 3071 950 3133 satagit
961 3072 1079 3119 Tacitus.
1217 3130 1220 3137 Ι

150 3160 222 3210 cens,
231 3145 278 3195 Dii
290 3152 316 3196 te
327 3152 450 3196 servent:
468 3145 618 3197 Alexander
629 3149 682 3198 Im·
755 3148 836 3195 Forte
857 3144 894 3193 ibi
914 3144 1009 3194 desunt
1029 3145 1147 3208 quaedam
1168 3160 1255 3211 voces,

150 3226 267 3286 perator,
276 3221 320 3269 Dii
329 3228 357 3271 te
374 3228 496 3271 servent:
514 3223 561 3271 Dii
572 3229 599 3272 te
608 3216 682 3273 nobis
722 3225 753 3269 nt
769 3235 794 3268 v.
815 3234 841 3281 g.
868 3220 924 3268 Itur
942 3220 968 3267 ie
988 3220 1255 3285 principatuum

150 3296 296 3351 dederunt:
313 3296 584 3348 Diiconserventz’et
594 3305 684 3349 cetera
722 3294 879 3343 ambianas
892 3297 1056 3357 praesumes
1068 3311 1146 3346 voees
1162 3299 1255 3349 malto-
1293 3341 1296 3346 ,

134 3372 473 3434 *incandemsententinm
506 3374 639 3425 Ferreum.
724 3384 782 3420 rum
808 3370 902 3422 civium
927 3371 1102 3421 matrimonium
1128 3376 1255 3437 emmau

181 3449 238 3499 Per
254 3448 443 3513 appositionem
460 3447 489 3496 rb
506 3449 642 3513 repetitam,
652 3451 683 3497 nt
721 3445 890 3495 asmantiam.
924 3446 979 3495 Aut
995 3446 1064 3495 forte
1077 3449 1200 3511 pauciora
1211 3449 1256 3499 de·

150 3524 200 3575 ιι.
219 3524 268 3574 ‘et
283 3525 412 3574 libertatis
428 3524 588 3588 improspere
607 3538 682 3588 repe·
723 3526 793 3585 snut,
803 3522 888 3571 darie
904 3520 1119 3584 principislnndes,
1130 3524 1256 3587 etconju.

151 3599 227 3651 litae!
260 3598 298 3649 At
317 3614 349 3650 ee
363 3600 486 3664 repetitio
501 3600 582 3650 fiebat
599 3598 683 3665 (reor)
722 3596 793 3660 giam
803 3598 930 3659 repetitum
940 3603 1090 3647 manantur.
1107 3597 1138 3646 Id
1152 3605 1201 3662 est,
1210 3600 1254 3649 vel

151 3676 184 3725 ad
202 3675 270 3725 lanne
281 3673 412 3737 imodnur:
428 3674 436 3701 ‘
448 3674 565 3739 Anguste
581 3674 682 3734 claudi,
722 3672 879 3735 principem,
888 3674 931 3720 rel
941 3674 1014 3722 Deus
1025 3674 1104 3737 ipsos,
1112 3675 1146 3723 ob
1158 3675 1254 3743 repeti·

150 3751 198 3801 Dii
209 3756 237 3802 te
248 3751 321 3800 nobis
333 3750 477 3814 prestent,
494 3750 593 3801 dietum
610 3764 683 3800 sexa·
723 3753 778 3798 tum
800 3748 988 3797 matrimonium
1009 3756 1163 3801 emereatur:
1183 3749 1255 3814 qnod

150 3826 224 3889 gies:
251 3825 364 3875 ‘Glandi
391 3824 519 3890 Auguste,
541 3827 683 3890 principem
722 3824 792 3877 idem
803 3830 853 3887 est,
865 3839 896 3873 ac
908 3832 996 3887 grates
1008 3835 1097 3888 agam.
1179 3860 1183 3866 >

151 3906 187 3963 te,
205 3901 351 3966 autqualis
368 3906 452 3961 tues,
469 3901 683 3965 semperoptavi·
755 3898 892 3961 Repetitam
919 3901 1091 3963 mantiam]
1129 3903 1163 3949 In
1188 3901 1252 3949 Mes.

151 3982 207 4025 ains
218 3975 353 4037 &dictum
363 3974 526 4040 quadragies.
560 3976 637 4027 Solis.
720 3979 861 4023 retemtas
867 3991 878 4033 ,·
894 3976 964 4039 qrrod
982 3978 1089 4026 melius:
1107 3976 1168 4039 qnia
1178 3975 1254 4025 omit·

182 4052 306 4101 Frustra:
322 4050 459 4115 repetitura,
478 4050 506 4101 id
524 4058 574 4114 est,
584 4051 684 4103 irrotan-¹
722 4050 757 4101 tit
766 4050 960 4114 conjunctiones
973 4053 1090 4101 Tacitus.
1118 4050 1252 4113 intellige,

151 4127 569 4192 ratnmeonjngiumreuerantur.
722 4132 750 4176 et
760 4128 886 4190 repetitam
896 4133 1039 4177 mombar
1044 4143 1055 4186 ,¹
1071 4127 1138 4191 quod
1154 4124 1193 4175 sic
1208 4139 1256 4176 aaa

182 4202 322 4269 witam
330 4200 504 4270 ammissa]
520 4200 681 4273 Simileqnid
721 4202 781 4269 pio:
799 4204 1026 4269 velillirepetitare
1040 4200 1253 4267 mnjngtumoe·
1333 4221 1340 4229 .‚
