2984 4850
247 386 336 455 Μ
588 401 622 450 c.
643 399 825 450 couuocrr
847 400 974 452 nsoter
1183 366 1352 468 [auara

249 559 539 643 confessionesque
553 558 781 625 damnatorum
793 558 957 642 adjunxit.
982 557 1111 623 Etenim
1121 560 1238 623 crebro
1251 561 1342 641 vulgi

249 678 379 725 minore
388 661 605 736 lacerabatur,
629 664 805 741 ‘tanquam
819 661 922 723 viros¹
931 669 946 697 ¹¹
960 661 1107 725 insontes
1125 662 1169 725 ob
1182 661 1343 725 invidiam

241 767 309 827 aut
328 766 462 825 menius
489 760 726 826 exstinxisset!
748 759 903 825 Ceterum
916 771 1062 845 caeptam
1084 762 1300 844 adultamque
1312 767 1345 825 et

247 863 407 931 revictam
436 863 706 946 conjurationem,
734 869 856 945 riseqrre4
884 867 962 927 tunc
991 863 1191 941 dubitavere,
1220 864 1344 946 quibus

247 982 362 1029 verum
389 963 549 1028 uoseeudi
576 982 656 1027 cura
680 970 762 1041 erat,
785 969 819 1027 et
834 964 1000 1041 fatentar‚⁵
1015 966 1072 1047 qui
1087 970 1165 1047 post
1178 965 1344 1028 interitum

246 1159 328 1223 populi
336 1160 479 1209 remonitus
487 1160 643 1220 lacerabatur,
653 1161 725 1225 qussi
734 1160 958 1210 virosiunocentes
966 1160 1110 1223 perediam
1117 1159 1346 1220 uumhtiosers,

248 1224 289 1271 rel
306 1222 340 1273 ob
349 1222 521 1285 sonnidiuem,
532 1223 713 1273 interfecisset.
748 1227 859 1274 Ceterum
869 1230 954 1283 odam,
970 1226 1102 1285 adauctum,
1111 1229 1136 1271 et
1146 1228 1288 1286 compertam
1298 1238 1347 1273 esse

247 1286 438 1347 coniurationem,
459 1302 530 1350 nsque
539 1295 595 1337 tune
606 1288 631 1337 iu
640 1288 735 1337 dubium
744 1304 889 1348 raosaaere,
899 1288 980 1350 quitur
990 1287 1098 1335 veritatis
1111 1283 1255 1349 warenae
1264 1288 1348 1347 cupido

243 1348 317 1408 [ultr
333 1356 357 1401 st
376 1352 516 1419 coastteatur
537 1352 610 1401 etun
631 1358 691 1417 tura,
711 1355 822 1416 qubpart
838 1357 937 1401 mrtem
947 1353 1050 1401 Neronis
1058 1351 1085 1401 ia
1094 1352 1175 1401 aba
1184 1352 1272 1400 reuera
1282 1356 1347 1401 suat.

709 1498 825 1517 cotenu
829 1499 886 1517 een

246 1580 351 1630 arctim
371 1581 462 1633 habita
478 1582 640 1633 Erotion—l
657 1583 700 1635 Sic
720 1582 788 1631 bene
810 1584 862 1633 llis.
884 1582 962 1633 corb.
984 1588 1012 1631 et
1029 1582 1158 1632 editiones
1178 1580 1349 1631 recentiores.

247 1644 333 1707 Vulgo
351 1645 377 1693 in
395 1646 458 1694 Mss.
474 1654 501 1695 et
520 1646 678 1697 editionibus
689 1648 830 1709 veteribus,
839 1648 902 1696 uiros
913 1652 936 1695 ei
946 1648 1063 1696 inserta:
1075 1647 1143 1695 uude
1158 1646 1349 1695 Freinshemius

249 1708 377 1771 tentabat,
394 1711 470 1758 claros
490 1716 514 1759 et
532 1711 642 1761 insontes.
667 1712 750 1760 Idem.
783 1712 889 1773 Bipont.
906 1711 1047 1760 emendant
1064 1714 1187 1759 serm-a
1205 1710 1257 1758 ltls.
1270 1710 1350 1758 corb.

249 1776 388 1839 meumque,
398 1770 485 1824 deleto
495 1779 596 1824 ante—4
606 1774 721 1824 Budem.
732 1781 829 1825 aen—5
847 1776 972 1825 Ernestus
981 1773 1232 1837 mallet‚satebantur‚
1244 1774 1271 1821 ui
1282 1774 1352 1822 vixe-

745 1920 852 1973 NorAE

162 2046 167 2061 =
247 2032 326 2093 atque
345 2030 456 2081 collecta
472 2032 596 2095 vulgavit,
606 2032 724 2082 oratione
735 2034 779 2081 lra-
819 2032 888 2081 enisu
908 2030 1081 2095 distinguebat
1101 2030 1201 2091 vulgus,
1216 2042 1267 2077 nec
1278 2034 1353 2077 certe

247 2100 303 2155 bita
323 2104 406 2167 primo
416 2106 485 2169 apud
495 2115 623 2170 senatum,
640 2108 780 2171 deinapod
819 2108 920 2157 receuti
942 2122 970 2159 re
988 2107 1057 2159 satis
1078 2105 1239 2167 distinguere
1260 2117 1352 2155 remur

247 2177 371 2239 populum
382 2176 480 2244 edicto,
490 2182 576 2229 multis
588 2183 780 2243 exemplaribus
820 2183 914 2246 potnit.

247 2250 327 2301 editis
337 2252 364 2301 in
375 2254 477 2318 vulgus,
497 2256 693 2321 distributisque
711 2256 780 2307 torte
852 2258 956 2308 Arcana
967 2259 1033 2307 aula
1044 2264 1091 2306 ant
1098 2256 1218 2319 ambigas
1226 2261 1299 2314 sunt,
1307 2260 1353 2303 sut

149 2364 152 2371 .
247 2332 305 2381 toto
322 2328 511 2394 imperiicrbe,
529 2338 559 2381 at
576 2331 779 2381 sicseabsolve-
820 2334 853 2383 de
872 2335 1000 2383 industria
1028 2348 1097 2395 saepe
1121 2332 1304 2390 obscurantur,
1323 2336 1354 2379 et

247 2409 299 2462 ret,
307 2410 337 2453 ut
348 2404 398 2454 sibi
407 2406 464 2470 ipse
475 2407 648 2458 innocentiam
660 2407 779 2471 donaret,
820 2411 893 2466 Nero
915 2417 970 2460 turn
988 2414 1062 2459 certe
1079 2412 1165 2456 sontes
1176 2407 1272 2455 multos
1285 2404 1352 2455 occi·

248 2483 294 2530 aut
305 2491 438 2544 arrogaret
449 2498 609 2548 quocumque
621 2485 705 2534 modo.
819 2486 859 2534 dit
870 2502 877 2547 ;
889 2486 936 2534 sed
947 2486 1021 2534 simul
1035 2485 1169 2533 interemit
1180 2483 1260 2530 etiam
1268 2482 1354 2530 insuu-

280 2553 374 2605 Indicia
382 2562 406 2604 et
414 2558 579 2621 muniones]
586 2561 779 2625 vertunt,qua·
819 2568 873 2612 tem
884 2561 1020 2610 Vestinum
1037 2559 1169 2608 consulem
1186 2556 1353 2604 emulatione

249 2627 272 2674 si
283 2628 385 2677 eduum
403 2631 468 2679 illud
479 2639 506 2680 et
517 2634 605 2682 indicia
615 2634 661 2683 illa
672 2635 698 2684 in
715 2649 779 2686 nra·
819 2637 922 2698 uxoria,
932 2643 961 2685 et
978 2636 1104 2684 Senecam
1114 2633 1175 2683 odio
1185 2632 1296 2695 proprio
1308 2636 1354 2681 aot

247 2701 323 2762 riam,
333 2716 380 2750 seu
389 2704 416 2750 in
429 2713 489 2754 acts
499 2708 614 2771 publica,
625 2708 717 2760 referri
723 2711 778 2773 jos·
818 2720 898 2764 metu.

248 2775 325 2832 susas
334 2777 415 2828 Nero.
433 2780 492 2829 Non
504 2795 627 2845 repugno.
850 2789 893 2840 Sic
904 2795 933 2838 et
949 2785 1048 2836 Rufum
1064 2784 1211 2846 Crispinum
1223 2780 1355 2831 subvertit

280 2852 409 2902 ldtamen
428 2856 535 2916 praecise
552 2872 586 2906 ex
598 2859 681 2908 uerbis
690 2860 777 2910 Taciti
819 2865 900 2914 etiam
910 2863 1057 2923 sermione,
1070 2874 1122 2910 noa
1140 2857 1249 2908 sumine
1267 2856 1355 2919 conju·

247 2941 300 2978 uon
311 2928 373 2978 satis
383 2931 481 2994 liquet:
504 2932 591 2997 immo,
607 2941 637 2984 ut
647 2935 735 2988 edicta
746 2938 781 2986 ad
821 2939 938 3000 rationis,
954 2937 1050 3001 aliique
1065 2935 1134 2998 pulsi
1153 2940 1222 2982 metu
1240 2939 1270 2981 et
1282 2933 1355 2993 ,odiu

245 3007 370 3070 populum
384 3007 490 3070 publice
504 3010 641 3074 proposuit
651 3011 779 3076 proscrip
821 3014 894 3078 quasi
904 3013 1048 3076 principem
1068 3013 1139 3059 ‘nou
1161 3007 1267 3073 quidem
1285 3007 1354 3056 odit·

248 3081 343 3146 sitque,
364 3082 402 3132 ita
423 3091 451 3134 et
473 3084 570 3136 indicia
594 3087 782 3138 confessiones-
821 3089 943 3152 sent‚sed
956 3087 1159 3153 tamen(odisse)
1175 3083 1355 3134 elimam·

247 3171 298 3224 que
319 3173 363 3210 eas
382 3160 448 3224 apud
466 3169 583 3212 senatum
605 3165 780 3230 populumque
822 3166 882 3218 tur)

246 3231 321 3286 bon,
333 3235 447 3298 samarit
465 3250 495 3286 ac
508 3237 667 3300 publicavitr
689 3241 780 3292 addito
855 3244 975 3306 Tanquam
990 3241 1054 3291 eires
1066 3237 1182 3300 insontes]
1198 3236 1280 3286 Certe
1290 3236 1356 3286 mul·

246 3307 302 3358 scil.
324 3309 420 3374 edicto,
440 3325 491 3374 qao
511 3313 634 3376 populum
647 3315 779 3378 monebat,
821 3318 999 3369 tossubrertit
1011 3317 1083 3367 Nero
1093 3313 1356 3376 occasicuecoujara-

247 3383 472 3450 increpatisque.
820 3393 907 3455 tionis,
924 3393 999 3457 quasi
1017 3391 1125 3442 saritiae
1146 3388 1287 3451 implendae
1304 3401 1355 3436 nou

279 3458 384 3524 Nempe
395 3469 425 3510 ut
435 3476 539 3512 ammes
550 3463 622 3526 istos,
643 3466 727 3532 quibus
744 3469 780 3518 la·
820 3466 973 3523 sufficerent
983 3474 1024 3519 tot
1034 3467 1173 3531 conjurati.

246 3532 378 3594 seuero,
402 3537 542 3601 cohiberet,
573 3541 647 3590 lectis
673 3541 779 3604 publice
852 3544 933 3594 labis
952 3547 1052 3595 Seneca
1062 3545 1117 3594 solo
1134 3541 1356 3600 odiodamnaou,

245 3607 319 3664 lituris
327 3611 574 3667 illuceatessionutn
582 3623 609 3667 et
617 3615 780 3679 indiciorum,
819 3619 942 3672 Vestinus
962 3619 1054 3671 consul
1072 3619 1106 3670 ob
1123 3615 1233 3668 facetias
1252 3623 1356 3668 etus·

247 3699 305 3757 que
328 3687 397 3738 ultro
416 3701 579 3754 promserunt
594 3693 628 3744 de
648 3708 676 3743 se
694 3699 723 3744 et
741 3693 780 3744 in·
820 3694 1023 3753 reruStatiliaru,
1043 3692 1146 3742 Nonius
1163 3690 1270 3740 Priscus
1287 3691 1356 3752 ‘per

247 3761 332 3812 ricem
344 3763 480 3828 conjurati.
819 3770 958 3822 amicitiam
968 3768 1092 3831 Seneca}
1108 3765 1192 3818 Rufus
1212 3766 1357 3828 Crispiw»

278 3844 290 3870 ¹
311 3838 396 3903 Vhou]
416 3839 548 3906 Intellige,
568 3844 641 3908 quasi
651 3860 739 3914 munos
748 3847 778 3896 il.
818 3846 906 3912 ‘quod
926 3846 1070 3910 Poppaeana
1082 3842 1211 3908 qnondam
1223 3842 1356 3890 matrimo-

246 3912 286 3967 ltt
298 3913 375 3978 tirus³
387 3930 439 3968 nen
449 3915 481 3970 ab
497 3917 714 3985 conjurationem,
730 3923 777 3975 sed
818 3923 861 3975 nio
879 3922 1018 3984 tenuerat‚'
1037 3919 1174 3984 Verginius
1185 3917 1220 3968 ob
1231 3917 1356 3980 eloquea-

246 3988 280 4046 ὼ
291 3999 390 4048 metuar
402 3994 444 4044 vel
456 3992 578 4050 iuvidiam
587 3996 778 4060 lacedaemon
819 4001 895 4062 tiam,
904 4000 1039 4053 Musonius
1050 3997 1085 4049 ob
1095 3996 1262 4059 sapientiam,
1271 4000 1301 4045 tt
1311 3993 1357 4044 1Ιῆ

246 4070 277 4115 nt
287 4070 521 4122 autea-Rubellium
532 4072 666 4136 Plautum,
673 4075 781 4140 Syllam,
820 4078 905 4140 aare,
918 4076 965 4142 qui
984 4076 1030 4128 ‘se
1041 4080 1142 4126 uara·
1152 4085 1211 4122 teet
1223 4083 1302 4134 ΝΜ
1313 4083 1357 4120 ‘¹’

247 4145 277 4190 et
296 4155 358 4195 unx
373 4145 520 4204 Senbcuior
539 4145 643 4215 staua,
654 4149 780 4200 Corbulo·
820 4151 978 4220 premnt!

245 4226 316 4284 uro.
334 4224 364 4276 et
381 4220 444 4276 aas·
466 4223 561 4279 uritur
581 4223 688 4300 occidi.
721 4225 780 4284 Nec.
