2984 4850
248 358 336 425 1684
604 373 637 419 G.
661 368 842 417 CORNELII
867 366 995 415 uaclrt
1192 368 1238 433 [A.
1249 370 1283 423 U.
1295 374 1349 422 813.

244 524 411 607 potestate
424 514 547 592 usum,b
566 521 599 580 et
620 498 763 579 missum
789 514 1047 597 disceptatorem
1062 508 1242 577 aclaudio
1257 530 1349 595 agro

244 682 269 725 et
282 675 379 724 mnsam
395 670 522 721 acaurio
538 667 655 717 arbitrum
674 670 801 730 toronum,
820 678 878 728 qaas
899 678 914 712 a
932 676 988 724 rege
1004 659 1098 725 spicae
1115 660 1170 710 olim
1184 676 1309 727 possessas,
1327 666 1350 719 et

743 796 851 848 NOTAE

274 904 287 938 b
303 902 423 953 Pretorio
434 900 551 963 potestne
565 894 645 957 amm]
662 892 774 945 Quidam
816 906 867 941 nou
878 890 970 951 lionit3
986 904 1047 940 cum
1062 894 1132 939 esset
1147 894 1248 938 tanturn
1260 884 1351 938 missua

242 986 359 1041 vertunt,
393 990 465 1026 reum
496 980 583 1022 actum
611 970 775 1031 Strabonem,
817 968 914 1018 arbiter
925 964 1165 1015 constituendorum
1176 961 1274 1013 finium.

245 1061 307 1125 quia
326 1054 449 1119 praetoria
471 1055 600 1116 potestate
613 1053 682 1097 'risus
707 1051 776 1095 esset
848 1044 969 1093 Pretorio
978 1048 1095 1108 potestate
1105 1040 1184 1103 usum]
1195 1040 1263 1102 Vox,
1274 1050 1351 1102 mutu,

244 1137 367 1186 adversus
389 1132 552 1193 Cyrenenses
576 1126 602 1173 iu
630 1123 774 1187 provincia,
816 1124 925 1173 innuere
941 1122 1056 1183 videtur,
1076 1122 1127 1169 nim
1149 1120 1261 1183 aliquam
1279 1118 1352 1171 adbi-

243 1228 302 1263 cum
314 1214 415 1276 tantum
432 1211 502 1253 esset
522 1201 776 1266 procurator'Caesa·
817 1200 912 1262 baisse,
933 1198 1014 1262 sorte,
1032 1198 1144 1259 militum,
1163 1194 1235 1260 quasi
1254 1201 1352 1258 praetor

244 1290 287 1351 ris,
307 1292 335 1336 et
354 1279 517 1350 procuratori
539 1292 590 1327 non
613 1276 706 1325 liceret
723 1275 776 1325 rim
817 1290 863 1324 seu
886 1282 1031 1342 propraetor
1054 1289 1084 1323 ac
1103 1278 1192 1322 rector
1209 1270 1351 1335 provinciae

216 1379 220 1386 ’
243 1366 354 1414 militum
373 1353 514 1410 adbibere:
531 1354 601 1420 quod
612 1352 656 1402 uni
667 1352 776 1415 praetori
816 1348 926 1412 fuisset;
951 1366 1008 1401 cnm
1028 1358 1114 1401 tamen
1132 1362 1163 1399 eo
1183 1348 1274 1396 missus
1292 1353 1351 1395 tan·

242 1440 348 1490 licebat.
817 1432 872 1475 turn
883 1434 952 1475 esset
964 1426 1063 1474 arbiter
1071 1431 1098 1472 et
1107 1424 1269 1485 disceptator
1277 1435 1351 1484 agro·

268 1517 327 1569 'Sed
338 1514 424 1563 nimiae
438 1508 556 1573 argutiae,
575 1511 604 1556 ut
620 1512 691 1569 puto.
716 1504 775 1553 Nec
817 1515 882 1565 rnrn,
904 1502 949 1566 qui
970 1494 1074 1549 t‘uerant
1095 1498 1223 1563 quondam
1240 1497 1351 1561 Apionis

243 1601 384 1661 propterea
403 1588 468 1637 dicit
490 1584 597 1634 Tacitus
627 1586 776 1630 accinctum
816 1579 893 1641 regis.
925 1579 951 1634 ’,

242 1671 404 1730 Strabonem,
423 1662 490 1728 quod
509 1659 633 1724 pretoria
644 1662 775 1720 potestate
849 1654 918 1705 Quia
932 1652 1000 1704 forte
1011 1668 1062 1703 non
1080 1652 1156 1702 aliter
1173 1650 1261 1716 potuit
1277 1648 1353 1712 abja·

215 1773 218 1779 r
242 1764 303 1799 usus
322 1751 402 1807 esset,
419 1742 466 1792 scd
488 1745 588 1789 tautum
607 1735 674 1800 quod
690 1734 775 1797 judex
817 1728 904 1778 dicare
917 1744 992 1792 agros
1004 1730 1071 1792 illos,
1079 1736 1123 1776 aut
1135 1727 1294 1791 possessione
1305 1726 1351 1773 de-

242 1828 268 1876 in
280 1840 327 1875 sna
338 1836 425 1882 causa,
436 1834 482 1868 seu
494 1814 617 1873 Caesaris,
628 1809 775 1875 abjudicas-
817 1807 915 1869 pellere
939 1822 983 1854 eos
1006 1805 1050 1871 qui
1077 1805 1242 1852 invaserant:
1274 1800 1352 1851 'unde

241 1909 283 1953 set
298 1913 391 1964 agros:
409 1896 468 1959 binc
485 1890 583 1941 invidia
594 1888 688 1950 gentis,
701 1884 775 1949 quasi
816 1890 874 1933 orta
885 1882 982 1937 invidia
993 1890 1021 1931 et
1032 1881 1130 1930 crimen
1146 1878 1313 1943 popularium
1326 1878 1353 1926 in

241 1976 428 2050 praevaricatus
444 1975 515 2019 esset
534 1967 559 2016 in
583 1962 703 2013 obeundo
720 1976 774 2009 mu·
814 1958 1053 2017 Strabonem‚licet
1071 1964 1143 2005 recte
1161 1960 1187 2003 et
1201 1953 1291 2003 ordine
1303 1954 1353 2003 tali

241 2068 314 2105 nere.
336 2052 373 2099 Et
383 2042 577 2096 reveranullius
589 2037 707 2099 criminis
714 2050 774 2085 reus
814 2032 1161 2084 muneredefunctusesset.
1203 2034 1206 2036 ’
1250 2032 1253 2037 ’

242 2126 339 2179 Caesari
358 2123 427 2173 visus
447 2126 497 2182 est,
514 2119 591 2165 immo
605 2112 776 2177 comprobata
847 2110 951 2158 Talibus
978 2115 1075 2171 tamen,
1099 2107 1142 2171 qui
1168 2110 1352 2169 procuratores

241 2204 292 2255 fnit
301 2198 436 2253 Strabonis
447 2192 584 2244 sententia.
617 2218 621 2224 =
816 2188 992 2249 Crotoniaten
1004 2184 1068 2249 tisri,
1079 2186 1125 2233 aaut
1140 2184 1212 2247 quasi
1225 2196 1353 2245 procura·

167 2342 170 2345 ῃ
273 2280 359 2343 igitur
370 2274 467 2324 nullum
479 2268 549 2319 aliud
568 2266 657 2315 habuit
674 2264 773 2314 crimen
815 2273 884 2316 tores
896 2272 978 2328 erant,
1000 2280 1052 2314 non
1070 2264 1144 2312 licuit
1163 2261 1287 2325 praetoria
1305 2261 1352 2311 illa

154 2404 160 2419 .
240 2358 351 2417 Acilius,
363 2367 438 2419 quam
450 2348 518 2413 quod
534 2359 609 2409 agros
626 2344 710 2407 regios
727 2356 773 2405 po·
814 2351 945 2408 potestate
958 2344 1006 2404 uti,
1020 2356 1067 2389 nec
1084 2340 1136 2388 vim
1152 2338 1262 2387 militum
1279 2338 1353 2387 adhi·

240 2438 302 2504 pulo
327 2436 401 2484 Rom.
424 2422 634 2492 adjudicavisset.
677 2419 773 2482 Itaque
815 2421 876 2470 bere
888 2422 957 2480 olim,
967 2418 1083 2485 quamvis
1100 2416 1148 2466 sub
1166 2416 1274 2466 Claudio
1288 2430 1351 2478 pro·

240 2528 293 2563 non
303 2511 363 2561 ideo
381 2521 440 2557 reus
449 2503 585 2567 agebatur,
598 2497 666 2562 quod
679 2503 773 2560 praeto-
814 2505 948 2548 curatores
971 2495 1092 2560 principi,
1120 2493 1295 2556 Reipublicae,
1323 2498 1353 2541 et

240 2590 279 2637 ria
299 2584 455 2636 anctoritate
472 2593 532 2628 usus
552 2584 621 2626 esset
632 2575 658 2623 in
671 2573 772 2637 provin·
813 2577 914 2640 legibus
923 2572 1110 2640 adaequati,lris
1121 2570 1291 2618 abuterentur
1301 2583 1353 2632 per

240 2665 281 2715 cia
289 2659 441 2726 Cyrenensi.
813 2653 945 2702 licentiam
961 2657 1115 2714 temporum,
1126 2652 1154 2696 nt
1172 2645 1246 2694 Felix
1258 2651 1286 2694 et
1298 2645 1351 2694 Cu·

272 2738 366 2802 igitur,
374 2731 487 2799 pretori:
495 2733 693 2793 potestateusum,
702 2725 772 2773 idem
813 2744 904 2776 rnanus
917 2742 1003 2791 supra.

240 2823 280 2866 est
298 2831 339 2874 ac,
357 2809 592 2876 pretermittebant,
611 2803 680 2868 quod
692 2803 772 2850 toties
849 2802 934 2864 Usula]
962 2800 1098 2854 Quodnam
1123 2797 1221 2846 crimen
1243 2795 1352 2846 Strabo·

241 2893 308 2957 apud
327 2888 443 2939 Tacitum
462 2883 591 2940 oecirrrit3
609 2886 637 2928 et
653 2879 713 2943 quia
733 2893 772 2924 se·
813 2879 872 2927 nis?
899 2879 991 2927 missus
1013 2885 1070 2924 erat
1091 2875 1135 2922 ille
1158 2872 1273 2920 arbitrr:
1299 2886 1351 2934 pro

240 2963 450 3028 cundaReipub.
468 2957 581 3022 dignitas
599 2954 659 3015 fnit,
675 2953 772 3001 idcirco
814 2971 861 3004 sua
881 2955 1039 3010 alletoritatc
1063 2962 1091 3000 et
1114 2948 1244 2998 sententia
1270 2961 1351 3011 agros

240 3062 297 3097 eam
315 3055 443 3106 nutuquam
463 3035 575 3086 omittit:
594 3039 621 3080 et
640 3030 667 3078 id
685 3029 772 3078 obser·
813 3031 922 3094 Apionis
935 3032 1004 3092 regis
1018 3026 1177 3090 adjudicavit
1189 3025 1286 3088 populo
1299 3025 1353 3074 Ro·

239 3121 350 3173 vandram
358 3117 419 3180 fuit,
429 3121 458 3163 ut
470 3113 556 3176 aliqua
567 3106 694 3171 dignitate
705 3119 771 3168 prae-
812 3121 897 3156 mano.
933 3107 993 3156 Non
1003 3105 1078 3152 video
1090 3103 1161 3166 cujus
1173 3101 1295 3150 facinoris
1307 3117 1351 3151 ar-

239 3196 360 3259 fulgeret,
378 3192 421 3256 qui
439 3187 601 3249 disceptator
619 3182 772 3230 mittebatur
813 3183 856 3246 gui
876 3182 961 3246 potuit
979 3197 994 3230 a
1014 3179 1213 3244 Cyrenensibus,
1227 3173 1276 3226 nisi
1295 3193 1350 3227 ma·

228 3272 447 3322 ‹interCaesarem
458 3271 485 3313 et
497 3263 592 3322 socios3
613 3260 640 3308 id
656 3259 724 3306 enim
737 3258 771 3306 ad
807 3259 867 3323 jore
880 3264 1020 3322 potestate,
1031 3271 1109 3321 quam
1121 3255 1169 3304 sibi
1186 3246 1350 3319 conveniret,

239 3351 333 3398 sarnam
347 3346 423 3409 facit,
440 3341 547 3391 etfama
559 3334 607 3387 'res
618 3338 771 3400 plerumque
812 3350 872 3383 usus
884 3333 970 3383 osset?

239 3429 390 3491 geruntur?
845 3409 947 3458 Inclluo
962 3407 1051 3472 igitur,
1064 3413 1094 3456 nt
1114 3405 1143 3454 rb
1159 3421 1236 3467 usuri,
1249 3394 1350 3456 violen-

200 3490 203 3495 ⁵
273 3504 396 3554 Attamen
411 3497 488 3549 animi
505 3493 616 3559 pendeo.
649 3491 685 3538 Et
702 3485 771 3536 forte
812 3485 874 3535 tiam
894 3487 1006 3550 aliquam
1018 3485 1142 3544 deuotet;
1162 3499 1239 3548 quant
1258 3490 1348 3538 tamen

208 3572 210 3577 ¹
239 3596 304 3645 opus
315 3578 366 3628 fuit
378 3577 465 3640 aliqua
476 3574 549 3636 vi,ut
563 3583 604 3619 res
615 3567 773 3627 disceptare·
812 3561 923 3610 absolvit
942 3562 1022 3620 Nero,
1041 3563 1139 3623 optimo
1158 3566 1349 3622 temperamen-

239 3664 282 3706 tur
294 3669 341 3720 per
354 3660 443 3713 testes,
451 3645 613 3713 utjndicium
622 3637 772 3692 executioni
813 3646 855 3688 to:
873 3639 933 3689 nine
944 3652 1037 3700 nempe
1056 3637 1101 3684 dat
1119 3635 1294 3684 innocentiam
1307 3652 1348 3685 ar-

238 3732 415 3791 rnaudaretur,
426 3734 455 3776 ut
467 3735 625 3789 possessores
638 3721 770 3767 vetustate
810 3715 879 3765 bitro
890 3715 1023 3774 Straboni,
1037 3713 1095 3760 lrinc
1113 3725 1188 3774 agros
1201 3711 1288 3771 sociis,
1300 3725 1348 3761 sea

202 3857 204 3868 ,,
237 3804 411 3872 usurpationis
423 3816 469 3865 per
485 3798 617 3850 licentiam
631 3794 769 3844 abutentes
810 3790 1010 3857 provincialibus
1021 3788 1156 3851 elargitur.
1179 3787 1221 3836 Sic
1233 3791 1261 3836 et
1272 3787 1348 3850 cepit

238 3886 307 3951 agris
318 3882 502 3946 dejicerentur.
738 3893 742 3896 ·
810 3869 944 3932 Interpres
956 3867 1082 3916 Gallicus.
1120 3865 1123 3874 '
1157 3925 1166 3940 ο

270 3961 396 4011 Attamen
414 3969 502 4004 omues
518 3951 574 4000 fere
589 3948 719 3998 versiones
731 3946 769 3994 in·
842 3944 952 3993 Videtur
964 3943 1090 4004 breviter,
1106 3948 1136 3992 nt
1153 3942 1219 3990 solet
1229 3940 1347 4004 Tacitus,

237 4034 368 4100 telliguut,
392 4031 496 4082 Aciliam
519 4032 627 4092 pumera
649 4024 769 4085 martam.
810 4020 937 4070 rationem
955 4019 1074 4079 reddere,
1093 4033 1139 4066 cur
1154 4033 1208 4066 reus
1223 4022 1348 4080 ageretur,

237 4112 289 4160 Sed
305 4108 404 4159 invidia
420 4104 616 4170 provincialium
638 4101 771 4163 excogita·-
810 4113 902 4161 nempe
931 4097 991 4163 quia
1018 4096 1133 4160 pretoria
1151 4099 1268 4160 potestate
1288 4087 1346 4144 mati

240 4191 294 4234 tum
305 4183 373 4233 forte
384 4182 482 4233 crimen
501 4179 574 4241 illud,
586 4177 654 4243 qnod
675 4191 769 4238 nempe
810 4169 888 4225 esset.

235 4261 351 4326 pretoria
369 4262 487 4323 potestate
507 4271 568 4306 usus
587 4261 673 4315 esset3
699 4252 770 4318 quod
