2984 4850
259 371 346 449 2060
615 388 647 446 e.
670 393 850 446 conunuu
873 390 1000 445 utetur
1192 393 1355 465 [ultum.

259 538 419 603 memoria
431 542 555 601 tuntum
570 538 689 602 infensi
706 540 847 604 nominis
870 542 912 603 ad
935 538 1118 602 discordias
1133 541 1290 614 uteretur,
1304 558 1358 601 as·

262 640 422 702 sumsisse
438 638 478 700 L.
493 636 655 713 Silanum,
667 638 821 721 juvenem
836 659 951 720 genere
972 638 1125 715 nobilem,
1145 640 1256 701 animo
1271 658 1375 721 prue-¹

260 738 437 821 ruptum,²³e
452 758 549 821 quem
563 735 660 803 novis
675 741 774 803 rebus
789 738 984 803 ostentaret?

304 841 336 902 8.
359 838 476 920 Ipsum
500 838 615 901 debinc
639 840 787 903 Silanum
809 839 974 920 increpuit
997 838 1125 914 iisdem,
1153 839 1275 919 quibus
1298 856 1358 918 pu-

261 947 369 1005 truum
392 940 463 1023 ejus
482 938 702 1021 Torquatum,
729 944 911 1021 ‘tanquam
926 939 1116 1019 disponeret
1133 938 1204 1020 jam
1220 936 1360 1019 Imperii

263 1118 379 1167 Cereres
391 1116 546 1180 quaesivisse.
577 1116 665 1180 Atque
677 1123 706 1165 ut
717 1117 806 1181 specie
818 1122 916 1166 tuntum
928 1113 1015 1164 infesti
1027 1115 1136 1163 nominis
1147 1114 1179 1163 sd
1191 1114 1359 1164 dissensiones

262 1188 389 1243 uteretur,
399 1181 519 1230 ascivisse
531 1182 561 1229 L.
571 1180 692 1241 Silanum,
703 1182 893 1230 adolescentem
906 1180 989 1241 stirpe
999 1179 1135 1239 illustrem,
1144 1179 1228 1226 animo
1240 1176 1362 1240 prefero·

164 1302 170 1316 ἢ
263 1260 320 1294 cent
338 1260 368 1294 ac
379 1244 550 1307 precipitem,
560 1258 635 1307 quern
645 1245 719 1293 novis
729 1246 840 1302 motibus
851 1244 977 1299 incitandis
988 1243 1132 1291 exhiberet.

295 1309 362 1359 Dein
379 1308 494 1359 incusavit
512 1307 620 1357 Silurum
639 1308 722 1357 iisdem
739 1308 895 1366 criminibus,
910 1308 994 1370 quibus
1011 1308 1153 1369 Torquatum
1165 1310 1279 1368 prinus
1295 1305 1362 1353 illius

264 1534 332 1595 gine.
368 1532 402 1580 Ut
421 1531 494 1581 abest
510 1547 526 1580 e
543 1531 608 1580 Mss.
620 1532 690 1579 Flor.
702 1531 767 1593 Reg.
780 1529 858 1579 Corb.
870 1527 934 1591 Agr.
954 1534 982 1577 et
995 1527 1109 1577 editione
1128 1526 1304 1588 principe-8
1320 1525 1363 1574 Itu

264 1596 427 1643 Mss.Vetie.
446 1596 516 1643 Flor.
536 1595 611 1643 Harl.
631 1593 707 1643 Bodl.
726 1593 783 1643 Jes.
802 1593 879 1642 Corb.
899 1592 1002 1655 Lipsius
1018 1597 1046 1639 et
1062 1591 1230 1639 recentiores.
1263 1589 1296 1638 In
1311 1590 1362 1638 Me.

264 1660 330 1721 Reg.
342 1666 369 1708 et
379 1658 536 1708 editionibus
547 1657 689 1717 veteribus,
698 1662 835 1719 prorutum
850 1656 919 1718 quod
938 1669 1040 1718 quoque
1058 1654 1175 1702 additum
1190 1654 1301 1715 margini
1311 1654 1364 1701 bis.

266 1722 341 1773 Harl.
373 1722 410 1771 At
424 1727 568 1785 prereptum
585 1722 690 1782 dicitur,
701 1729 730 1768 ut
741 1734 820 1783 supra
831 1720 922 1767 Annei.
936 1723 979 1767 rr'r.
990 1725 1015 1767 ὁ.
1030 1720 1185 1781 ‘praerupta
1205 1715 1363 1779 deminutio,’

265 1786 291 1833 id
305 1794 355 1846 est,
367 1786 450 1834 andex
461 1792 489 1835 et
500 1784 618 1834 effrenis.
637 1783 686 1834 'Ad
697 1798 786 1834 vocem
793 1788 940 1846 prereptum
950 1783 977 1831 in
987 1796 1033 1832 suo
1044 1782 1184 1846 exernpluri
1196 1785 1366 1830 succureret

267 1850 408 1900 Corbinelli
418 1855 490 1914 rotto,
504 1850 618 1899 roriurso.
1094 1883 1099 1888 -

759 1994 868 2048 NOTAE

266 2111 341 2161 reret
351 2105 395 2155 ille
407 2100 510 2155 Cassius
526 2110 629 2157 veteres
645 2106 800 2172 discordias,
837 2109 905 2158 mine
922 2123 952 2157 ac
969 2104 1093 2169 sunguine
1109 2100 1304 2167 contingebant,
1318 2101 1368 2151 dis·

268 2187 297 2229 et
307 2183 426 2245 exemplo
441 2182 517 2243 primi
529 2182 619 2245 Cassii,
631 2182 710 2232 etiarn
720 2182 799 2233 intes·
839 2185 938 2235 cordius
949 2182 1038 2248 populi
1048 2180 1185 2230 adversum
1195 2180 1315 2228 Caesares
1325 2194 1368 2227 ex·

268 2263 311 2304 tus
327 2261 398 2305 esset
416 2256 522 2319 Caeseri,
533 2264 560 2307 et
579 2257 637 2306 odio
655 2257 799 2308 domestico
838 2264 943 2313 citaret.

267 2331 529 2395 successisset,idque
541 2332 622 2383 veluti
633 2332 751 2396 stirpitus
760 2335 799 2383 in·
871 2339 1002 2389 Quantum
1012 2335 1039 2383 iu
1047 2333 1192 2384 obliteratis
1201 2346 1232 2381 ec
1239 2330 1368 2396 depressis

267 2404 346 2456 sitbm
359 2410 386 2456 et
397 2404 503 2456 ibfixum
515 2408 605 2459 aleret.
838 2410 966 2475 ejusmodi
981 2409 1125 2459 nominibus
1135 2407 1259 2458 momenti
1268 2406 1369 2456 Princi-

300 2480 369 2546 ‘Aq
385 2483 427 2545 rte]
451 2484 489 2533 Ac
503 2489 531 2532 ut
546 2477 798 2536 habet'ettamsorte
839 2481 1368 2550 pesreponunt,velexeoborumirrstituto

268 2559 428 2607 commodum
442 2573 560 2621 sensum3
578 2559 686 2623 scilicet,
697 2567 726 2609 ut
738 2560 799 2609 Ces·
838 2562 939 2625 liquere
950 2569 1047 2626 potest,
1055 2576 1105 2626 quo
1114 2561 1235 2609 damnare
1242 2556 1369 2622 ejusmodi

266 2632 322 2680 sius
341 2635 453 2682 memorio
471 2640 565 2683 tuntum
586 2635 673 2698 infensi
689 2637 799 2698 uminis,
839 2639 951 2700 nomina,
965 2645 992 2686 ct
1007 2637 1162 2685 interdicere
1174 2635 1296 2698 posteris,
1312 2646 1370 2682 eou-

268 2719 363 2769 nempe
382 2707 412 2754 C.
425 2708 516 2770 Cassii,
535 2709 568 2757 ud
590 2724 631 2758 res
647 2725 726 2759 novas
745 2716 800 2759 ute·
840 2719 990 2762 sueverunt.
1022 2713 1102 2775 Cujus
1121 2711 1228 2773 passim,
1247 2708 1328 2760 etim
1344 2722 1370 2756 s·

269 2785 352 2842 retur,
360 2783 493 2832 ussunuisse
504 2783 534 2830 L.
547 2784 665 2846 Sacrum,
676 2789 717 2848 qe.
841 2788 893 2850 pud
905 2787 1035 2847 Tacitum,
1046 2792 1137 2834 extent
1147 2785 1277 2848 exempla.
1303 2784 1370 2832 Bee-

302 2855 432 2904 Memoria
449 2866 477 2905 et
497 2859 599 2907 nomine
614 2860 694 2907 Cassii
706 2861 731 2907 in
743 2877 801 2925 spe·
840 2864 944 2912 tornius.

271 2933 337 2982 ciem
348 2938 447 2982 tontum
465 2942 493 2984 et
510 2934 604 2983 fumum
617 2936 757 2996 utebatur3
775 2945 802 2986 at
872 2942 955 2987 Recte
976 2937 1079 2998 Lipsius
1095 2943 1125 2983 et
1143 2935 1273 2995 Fsiirnns,
1289 2949 1317 2984 cc
1334 2947 1370 2982 se.

270 3023 299 3057 re
307 3008 364 3072 ipse
375 3010 522 3059 assumebat
530 3011 651 3072 Silanum,
662 3012 746 3074 magni
758 3027 802 3060 no·
841 3015 900 3062 Hoc
919 3015 987 3062 enim
1005 3011 1149 3074 significat:
1172 3010 1208 3057 Et
1230 3008 1306 3073 quasi
1321 3021 1370 3056 nou

270 3083 346 3132 minis
351 3085 484 3147 juvenem,
491 3094 519 3135 et
528 3101 621 3152 megnq
631 3087 726 3135 nomini
735 3102 802 3136 sum·
841 3087 972 3137 sufficerct
983 3086 1086 3136 infamis
1095 3101 1126 3134 uc
1139 3085 1255 3134 damuati
1266 3083 1371 3132 bominis

270 3173 371 3223 meque
393 3159 504 3229 fortunae
528 3175 624 3225 parem.
657 3163 737 3212 Forte
757 3178 802 3226 ap·
842 3165 990 3212 memoriam
1012 3177 1149 3211 renovasse
1171 3162 1310 3224 palamque
1331 3174 1372 3208 eo·

272 3235 325 3283 tior
334 3235 452 3283 rideatur
465 3251 552 3284 sensus
565 3237 713 3302 verborum,
729 3255 802 3300 uem,
843 3240 928 3299 luisse,
939 3239 1017 3303 (qnod
1029 3238 1090 3301 quid
1106 3237 1186 3297 alind,
1203 3252 1281 3300 quern
1293 3234 1372 3300 purri-

271 3309 318 3358 sed
329 3311 409 3359 verbs
421 3311 507 3360 Taciti
516 3320 618 3376 urgent,
627 3321 657 3363 ut
665 3313 803 3364 inviolatus
843 3315 938 3362 cidium
948 3315 1003 3375 ejus
1016 3313 1132 3374 probare,
1142 3319 1170 3359 et
1181 3311 1214 3358 ud
1228 3310 1312 3360 simile
1321 3324 1373 3359 see·

233 3387 238 3392 ’
272 3387 315 3437 sit.
692 3451 694 3456 7
843 3392 882 3439 lus
895 3397 1037 3452 praesentes
1053 3401 1146 3436 uocare
1155 3386 1179 3449 l)
1195 3387 1312 3433 Silenum
1331 3384 1374 3432 ud⁴

305 3463 379 3512 Arut
395 3463 516 3524 memoria]
532 3461 749 3513 Accuratissimns
767 3465 804 3512 in·
839 3466 957 3528 junxisse
970 3462 1095 3525 partibus,
1105 3468 1155 3509 tte.

273 3543 376 3600 terpres
388 3539 466 3600 tegit:
484 3540 520 3585 Ac
536 3552 564 3585 ue
579 3539 691 3587 memma
701 3544 804 3600 tuntum,
875 3542 923 3587 Vel
935 3539 1030 3587 etiam:
1052 3539 1086 3585 Et
1104 3551 1138 3584 ne
1156 3535 1189 3584 ud
1208 3535 1375 3584 rebellionem

272 3616 315 3678 qu.
347 3613 804 3677 Atintegrnestlraeclectiovulgu·
844 3614 1025 3662 stimulandum
1052 3626 1105 3659 unu
1131 3611 1211 3659 bustis
1244 3612 1376 3659 Curarem

273 3695 319 3748 ta3
342 3691 378 3737 Ac
394 3695 419 3735 ut
441 3689 560 3749 memorio,
579 3691 626 3750 tro:
658 3690 713 3738 Hoc
736 3690 804 3736 enim
844 3689 951 3747 imagine
963 3690 1098 3749 niteretur,
1108 3687 1134 3733 in
1146 3702 1205 3749 qus,
1216 3693 1317 3746 praeter
1332 3699 1377 3734 no-

273 3764 331 3814 vutt
352 3763 473 3810 Tacitus:
503 3763 597 3809 Statua
619 3765 700 3812 Cassii
725 3765 806 3824 culte,
845 3778 913 3822 men,
940 3764 1001 3810 nibil
1021 3771 1062 3810 est
1080 3761 1263 3819 udditementi,
1283 3775 1378 3809 usum·

272 3839 353 3888 bostis
365 3842 505 3896 (iussurum,
521 3847 548 3884 et
569 3848 686 3887 assumto
701 3842 729 3888 L.
742 3841 805 3887 Sile·
846 3840 909 3886 sisse
927 3839 1052 3896 suanum,
1067 3841 1115 3884 &e
1137 3836 1280 3882 Gronovius.
1315 3836 1377 3882 lee-

274 3929 319 3975 no,
331 3915 403 3976 cuju.-
417 3923 523 3974 patruos
542 3912 679 3974 imperium
689 3921 744 3962 eret
756 3929 806 3962 me·
847 3920 943 3964 tionem
956 3915 1084 3971 vulgatam
1095 3913 1210 3959 terimus.

275 3991 462 4060 ditutrrs;nihit
472 3989 540 4035 eliud
551 3990 634 4050 egisse
645 3990 809 4052 cesanum,
879 3997 890 4022 ⁶
912 3993 1001 4039 Animo
1023 3986 1181 4051 proruptum]
1209 3987 1281 4040 Nou·
1301 3999 1378 4047 tm·

275 4066 807 4131 qnamntrepetitisrantumaesnmatts-
847 4074 913 4114 turn.-
932 4081 965 4112 ex
986 4065 1120 4111 Vaticano.
1156 4062 1322 4123 Prmrnptus,
1340 4059 1378 4108 nti

276 4155 329 4204 que
343 4155 431 4188 eorum
445 4141 597 4201 ncnumbus,
615 4139 658 4201 qui
672 4142 711 4186 vei
723 4141 808 4188 Cese-
848 4141 1016 4201 Praefrectus,
1027 4139 1123 4187 dicitur
1133 4137 1167 4184 de
1187 4139 1217 4184 iis
1234 4137 1280 4200 qui
1297 4133 1379 4197 rigide

277 4215 348 4266 ribus
361 4215 505 4266 extiterunt
515 4213 614 4278 infesti,
629 4215 671 4263 rel
682 4214 749 4264 nter
762 4229 810 4266 no·
848 4215 998 4282 effrenique
1016 4211 1213 4264 nunciarunt.
1245 4210 1290 4261 u·
1306 4210 1377 4261 ciet·
