2984 4850
225 412 313 477 1702
584 429 617 477 c.
639 428 820 496 connnnn
842 427 969 477 rscrrr
1169 434 1334 500 [gum

225 589 291 653 qne
304 569 424 634 finibus
437 568 628 635 'l'iburtumv
642 569 820 646 acciderat,
834 568 923 632 unde
936 573 1072 652 paterna
1086 569 1210 636 Plauto
1223 568 1329 657 origo,

225 669 326 734 hunc⁸
342 670 434 733 illum
447 671 579 733 numine
594 671 703 735 Deum
719 671 877 733 destinari
891 670 1087 735 credebant:
1109 672 1330 756 fovebantque

225 770 332 847 multi,
342 771 474 854 quibus,
485 775 622 834 novaet
633 771 798 853 ancipitia
811 770 1004 854 praecolere,
1022 772 1123 837 avida
1137 780 1171 838 et
1183 775 1330 857 plerum-

230 890 298 955 que
309 870 415 935 fallax
436 872 574 936 ambitio
589 879 651 936 est.
685 872 773 954 Ergo
784 878 953 955 pennotus
966 873 1032 937 iis⁹
1044 873 1149 953 Nero,
1159 876 1333 957 componit

226 969 271 1035 ad
285 970 442 1035 Plautum
452 972 595 1051 literas:
610 972 816 1053 ‘consuleiet
829 974 933 1055 quieti
943 974 1074 1051 urbis,¹⁰
1088 993 1191 1056 seque
1200 978 1331 1057 praue¹¹

223 1152 354 1214 isregime
373 1152 510 1214 murrina,
520 1156 581 1203 unde
593 1155 679 1204 Plauto
687 1160 815 1218 putermrm
824 1168 899 1216 genus
917 1160 983 1217 eret,
997 1152 1189 1216 putcherrimae
1207 1153 1274 1202 illum
1291 1155 1333 1203 de·

229 1216 324 1277 sigum
341 1218 385 1266 tuli
398 1218 505 1265 Deorum
522 1224 629 1269 omento:
645 1225 669 1269 et
686 1219 793 1269 solebant
804 1233 862 1268 enm
870 1216 1070 1280 plurimi,qnibas
1087 1232 1146 1265 uoco
1164 1217 1334 1279 opericulosa

228 1278 320 1329 officiis
328 1295 359 1330 ac
370 1278 458 1331 furore
469 1287 609 1343 prmertme
620 1283 690 1332 uuida
702 1289 727 1332 et
735 1297 840 1346 preceps
850 1298 878 1329 uc
888 1296 949 1344 soepe
958 1280 1165 1330 exitiuscumbitr'c
1176 1286 1221 1330 ert,
1248 1281 1334 1343 [tuque

227 1343 380 1409 concitastis
392 1346 482 1406 Coerur,
498 1345 581 1394 scribit
598 1346 721 1408 epistolam
739 1350 772 1395 ud
789 1348 912 1406 Plautum,
924 1351 954 1393 ut
970 1344 1133 1409 prospiceret
1143 1343 1190 1393 ribi
1209 1350 1234 1392 et
1250 1344 1334 1408 quieti

226 1406 309 1465 erbis,
319 1422 399 1472 seque
408 1406 524 1458 auferret
534 1410 584 1472 ipre
594 1410 688 1458 melam
697 1411 730 1459 de
740 1424 770 1461 se
781 1407 877 1459 samam
888 1408 1068 1473 spargentibus
1079 1424 1086 1456 ι
1105 1421 1160 1456 esse
1178 1407 1216 1456 illi
1228 1408 1255 1456 in
1266 1407 1333 1457 Asis

689 1520 867 1543 ‘centenno

218 1610 275 1662 ,-8
291 1606 607 1669 Groslotius,llbenanns,
624 1609 732 1658 Grotius
752 1607 1000 1668 emendabunt,tisc
1020 1608 1095 1657 illum.
1128 1608 1164 1656 Et
1182 1613 1257 1657 certe
1272 1608 1330 1658 baec
1378 1638 1380 1645 ·

226 1670 376 1720 emendatio
393 1673 535 1734 legentium
549 1674 662 1722 omnium
681 1672 763 1722 menti
780 1672 903 1727 occurrit.
937 1674 997 1722 Non
1009 1678 1096 1721 temen
1107 1670 1247 1719 absurdum
1256 1672 1332 1721 dixe·

226 1732 284 1793 rim,
293 1734 356 1782 benc
374 1735 460 1793 illum
476 1736 556 1800 idque
576 1737 722 1786 defendunt
739 1736 887 1785 Gronovius
907 1742 936 1784 et
954 1737 1087 1785 Ernestus.
1116 1734 1270 1783 nram-s
1286 1734 1331 1785 Sic

225 1796 386 1847 Puteolanus
397 1806 425 1847 et
435 1800 604 1849 recentiores,
637 1800 669 1849 Iu
687 1800 754 1848 Mss.
764 1799 839 1849 Harl.
851 1798 927 1849 Bodl.
940 1798 995 1849 Jes.
1006 1798 1085 1848 Corb.
1096 1805 1124 1846 et
1134 1798 1250 1847 editione
1260 1798 1333 1861 priu-

226 1860 297 1922 cipe,
305 1861 418 1911 λᾶι-10
434 1863 477 1912 Ite
489 1864 628 1913 Picbense
639 1864 691 1912 Ms.
703 1864 774 1912 Flor.
786 1863 812 1912 in
831 1876 883 1927 qno
903 1863 1039 1926 scripturn,
1050 1862 1181 1911 consuleret
1191 1862 1332 1925 quemme.

226 1922 313 1988 Vulgo
323 1925 350 1973 in
363 1926 428 1975 Mes.
437 1928 567 1977 meulent
585 1926 631 1977 sibi
650 1932 674 1977 et
692 1926 779 1990 turbis,
789 1926 857 1977 unde
870 1932 1018 1977 tentaverat
1030 1925 1142 1990 lipsius,
1153 1925 1199 1974 sibi
1216 1930 1240 1975 et
1262 1925 1333 1977 Urbi.
1352 1978 1356 1985 ,

639 2162 644 2169 ,
726 2098 833 2150 norm

226 2200 341 2253 ctionem
360 2205 477 2269 seqnitur
488 2206 629 2270 scriptura,
637 2222 690 2257 non
700 2214 759 2271 ety-
797 2208 976 2257 Thebanorum
989 2214 1070 2273 ortus,
1080 2210 1152 2259 lacus
1162 2215 1216 2259 tres
1228 2209 1334 2259 mueni-

225 2292 295 2327 mon.
321 2279 529 2331 Pronuntinbsnt
547 2281 620 2344 locus,
632 2285 705 2347 qussi
722 2286 758 2333 lo-
799 2289 854 2333 tete
865 2282 972 2347 nobiles,
983 2284 1026 2348 qui
1044 2298 1137 2334 nomen
1158 2283 1255 2333 dedere
1267 2283 1334 2333 Snb·

226 2368 279 2417 qus,
291 2361 319 2403 et
329 2355 388 2405 bine
398 2370 491 2405 nomeu
500 2357 676 2421 &timerem
696 2360 759 2423 qnia
797 2358 900 2422 laqueo,
917 2357 1004 2408 defert
1022 2359 1047 2408 iu
1067 2358 1198 2409 Tiberim!
1228 2359 1333 2409 Nomen

225 2429 263 2480 sic
275 2433 485 2497 pronuntiavere,
494 2433 563 2484 forte
581 2442 609 2484 et
619 2436 756 2499 scripsere.
797 2442 837 2484 est
848 2435 900 2484 loci
911 2435 1019 2485 lacubus
1035 2436 1086 2485 illis
1104 2435 1225 2499 subjecti,
1242 2450 1258 2483 a
1273 2436 1334 2486 laen

258 2508 295 2556 Et
315 2509 419 2558 nomine
436 2510 568 2574 precipue
589 2512 705 2574 pendent
724 2527 759 2560 ex
797 2510 882 2560 vicino
905 2510 1010 2572 lictum,
1028 2525 1132 2574 nempe,
1149 2511 1249 2574 stagnis
1266 2509 1334 2559 Sim·

224 2597 283 2646 usu,
292 2589 322 2632 et
332 2597 456 2634 consensu
468 2586 630 2649 populorum,
638 2586 683 2650 qni
700 2585 758 2636 libi-
797 2586 903 2638 bruinis.
941 2589 1012 2638 Hinc
1039 2595 1068 2638 et
1095 2588 1158 2637 villu
1182 2587 1332 2638 mulceres

225 2665 282 2708 tum
307 2667 461 2721 sequnntur,
478 2674 530 2710 non
557 2660 694 2725 originem,
711 2667 759 2711 snt
797 2661 875 2712 dicte.
1053 2655 1055 2660 ’

226 2733 492 2795 grammaticeleges.
831 2738 1000 2803 Sublaqueum]
1033 2737 1168 2803 Oppidum
1190 2737 1332 2802 AEqnururn

260 2808 307 2855 Cei
318 2807 476 2871 Sublaqueum
492 2825 575 2860 somer
590 2811 637 2874 ert]
651 2811 704 2860 Ille
719 2825 758 2860 re·
798 2815 954 2876 populorum
964 2815 989 2862 in
1002 2814 1105 2864 Samnio
1117 2814 1220 2877 regione
1229 2814 1331 2863 Italiae:

227 2881 278 2944 gio,
297 2887 343 2931 sut
360 2897 421 2945 pars
436 2885 638 2947 regionis,teste
662 2888 758 2947 Plinio,
798 2889 874 2940 hodie
897 2889 1005 2952 Ssbjaco,
1030 2889 1153 2953 oppidum
1181 2889 1333 2951 Campaniae

228 2971 261 3005 ex
272 2956 313 3006 bis
329 2956 436 3006 lacubus
447 2960 579 3022 appellata
590 2961 757 3024 Sublaqueum.
799 2964 925 3014 Romnum
946 2978 1036 3013 versus
1054 2962 1159 3012 fluvium
1172 2964 1296 3027 Tenermre,
1304 2963 1332 3012 in

225 3033 429 3098 Sicqnelncnrlri
444 3035 605 3084 vocabantur
616 3037 759 3099 Simbruini,
798 3045 868 3088 stetu
877 3038 1075 3089 Ecclesiastico.
1092 3037 1250 3089 tillemontius.

225 3115 254 3158 et
271 3110 344 3173 regio
359 3111 416 3159 lnec
427 3109 584 3175 Sublaqueum
589 3126 600 3169 5
615 3112 654 3161 itu
670 3118 757 3162 tamen
830 3120 842 3146 '
858 3113 994 3176 limmata]
1010 3113 1054 3162 Sic
1065 3113 1083 3162 l.
1095 3126 1135 3162 vr.
1145 3117 1186 3161 tt.
1196 3114 1267 3162 ‘Tot
1277 3113 1332 3162 luc·

225 3192 255 3235 nt
265 3200 358 3236 nomeu
370 3187 483 3251 regionis
494 3187 574 3238 etium
591 3204 677 3238 rursus
693 3189 758 3253 ipsis
798 3186 867 3236 tibus
882 3185 986 3237 funeste
1006 3188 1125 3252 civitate,
1136 3201 1195 3250 pers
1214 3187 1331 3238 moerorie

223 3261 319 3322 stagnis
329 3261 504 3329 tribueretur:
522 3269 549 3312 et
568 3265 628 3313 binc
650 3265 757 3314 Tacitus
797 3261 856 3325 fnit,
866 3262 1016 3328 qnodJnlia
1030 3263 1110 3312 Drusi
1125 3262 1189 3321 filia,
1199 3261 1330 3326 quondum

225 3336 758 3402 nntmstmmtmsrmmtregro-
799 3338 914 3387 Neronis
938 3353 1004 3387 uxor
1027 3337 1150 3401 denupsit
1177 3337 1203 3384 in
1226 3336 1332 3386 domum

225 3411 306 3461 nivel
318 3412 410 3476 quibus
427 3413 521 3474 stagnis
533 3426 625 3462 nomen
643 3420 685 3462 est
696 3414 757 3463 Sub-
799 3412 1022 3474 Rubelliitnsndi,
1031 3413 1188 3475 cujusavum
1196 3409 1333 3460 Tiburtem

224 3490 348 3552 laqueum
364 3502 423 3537 nem
443 3488 530 3551 potnit
551 3488 585 3536 ad
603 3488 757 3538 alterutrum
797 3488 913 3551 equitent
925 3487 1000 3536 Rom.
1012 3486 1130 3550 plerique
1142 3484 1332 3535 meminerunt!

225 3563 325 3613 referre
351 3577 510 3626 prenomen,
534 3578 628 3628 nempe
657 3565 698 3612 vel
723 3565 758 3614 sd
832 3560 966 3624 libertum]
983 3561 1068 3623 Supra
1078 3561 1095 3607 l.
1108 3573 1146 3610 vr.
1158 3574 1180 3608 c.
1192 3563 1234 3608 27.
1323 3556 1328 3574 ²

224 3642 320 3701 stagna
330 3640 371 3687 vel
383 3639 415 3687 ud
427 3638 590 3702 Sublaqueum.
830 3643 847 3668 '
859 3636 983 3701 Composuit
994 3639 1026 3686 ud
1034 3636 1147 3684 Plautum
1158 3635 1253 3699 literas]
1264 3635 1333 3684 'l'nrn

257 3715 294 3764 Et
310 3716 347 3763 ric
367 3713 394 3763 rb
405 3714 543 3763 &moretm
553 3714 617 3762 licet
636 3716 757 3777 generale
797 3712 888 3764 aberet
897 3713 980 3772 Nero,
992 3718 1019 3760 et
1031 3711 1142 3760 Plautus
1159 3709 1186 3757 in
1199 3709 1263 3758 urbe
1275 3725 1333 3761 ver·

223 3794 374 3852 stagnorum
392 3803 484 3838 nomen
500 3787 589 3851 luerit,
606 3796 693 3839 tumen
718 3790 757 3838 ui·
797 3786 910 3836 sebatur.
943 3784 1031 3834 Mittit
1048 3784 1086 3832 illi
1101 3784 1171 3832 Nero
1191 3784 1291 3847 literas,
1302 3790 1332 3835 nt

223 3865 360 3914 nilominus
371 3878 463 3913 nomen
473 3865 680 3928 hnjrrsregionis,
688 3880 759 3915 nem.
797 3863 880 3927 quieti
904 3861 973 3910 urbis
995 3860 1153 3922 consuleret,
1178 3873 1274 3922 nempe
1302 3873 1331 3908 se

224 3955 259 4004 pe
270 3939 433 4003 Sublaqueum
443 3941 559 4004 quumvis
571 3942 695 4004 speciale,
713 3942 759 3991 de·
797 3942 889 4004 procul
900 3940 926 3989 iu
939 3941 1025 3988 Asiam
1038 3937 1197 4001 recipiendo.
1220 3937 1256 3986 Et
1267 3937 1333 3990 licet

224 4019 359 4066 nominare
381 4017 467 4079 pomit
488 4017 608 4066 simulet
630 4018 702 4067 lucus
729 4023 762 4067 et·
797 4023 907 4081 uterque
919 4017 1009 4066 Rome
1026 4014 1223 4077 fuisset,tsmen
1243 4013 1333 4077 potuit

225 4094 356 4157 regionem
368 4095 450 4158 ipsam
462 4100 552 4143 totam.
797 4094 877 4144 etiem
894 4093 1018 4156 princeps
1032 4105 1188 4153 componere
1203 4090 1331 4152 epistolas

258 4167 425 4232 witmau]
440 4170 484 4218 De
500 4182 551 4232 quo
563 4168 631 4218 Ptin.
649 4169 665 4217 Ι,
677 4160 721 4219 111'.
731 4175 756 4220 6.
797 4167 830 4216 ud
842 4173 999 4230 presentem
1010 4166 1036 4215 in
1048 4166 1156 4214 civitate
1168 4165 1300 4214 Plautum.

226 4241 284 4295 ‘At
305 4257 339 4293 ex
358 4244 410 4294 slis
431 4248 508 4308 perte
528 4240 597 4294 Anio
618 4243 646 4294 in
666 4251 756 4296 monte
802 4240 1222 4308 ·⁴Sicnsnr'psritAugustus,slc
1234 4239 1331 4292 ’liberi-
