2984 4850
270 367 358 456 1760
622 401 656 448 c.
680 397 865 449 conuentu
889 397 1019 446 arciri
1211 397 1358 466 [uuum

289 577 297 603 t
314 545 368 610 db.
390 535 573 608 Sententiae‘
588 539 713 619 Cassii,
728 548 766 607 ut
778 561 874 631 nemo
888 547 987 606 unns¹
1002 543 1118 605 contra
1130 535 1177 604 ire
1192 557 1289 606 ausus
1301 548 1355 621 est,

271 649 320 712 ita
338 646 485 710 dissonae
507 662 608 708 voces
629 643 886 726 respondebant,
914 647 1123 720 ‘numerum
1145 647 1204 707 aut
1225 649 1356 720 actuum,

272 753 329 812 aut
344 766 475 823 sexum,
490 765 530 809 ac
544 744 758 827 plurimorum
780 743 951 807 indubiam
968 743 1200 808 innocentiam'
1214 745 1356 808 miseran·

272 851 365 913 lium.
409 847 595 912 Praevaluit
609 851 720 910 tamen
735 865 824 929 pars,
846 864 922 930 qnae
939 839 1142 928 supplicium
1157 846 1357 910 decernebat}

273 951 331 1015 sed
356 943 587 1032 'obtemperari
615 967 680 1012 non
714 953 855 1031 poterat,
883 947 1082 1030 conglobata
1103 947 1306 1010 multitudine
1331 951 1360 1011 et

272 1056 284 1084 ‘
299 1071 385 1116 saxa
399 1055 440 1115 ac'
454 1048 570 1114 facos’²
585 1049 781 1114 minitante.³
804 1047 892 1111 Tum
907 1047 1023 1112 Caesar
1030 1049 1192 1131 populum
1202 1049 1306 1112 edicto
1318 1048 1360 1111 ia·

274 1151 412 1235 crepuit,
428 1155 525 1234 atque
540 1167 636 1214 omne
651 1150 723 1226 iter,
740 1168 806 1232 quo
832 1149 980 1213 damnati
1001 1149 1044 1212 ad
1056 1169 1192 1233 poenam
1206 1148 1361 1212 duceban-

272 1258 337 1331 tur,
351 1251 548 1316 militaribus
562 1251 729 1333 praesidiis
744 1250 859 1334 sepsit.
903 1249 1082 1313 Censuerat
1092 1251 1270 1331 Cingonius
1283 1248 1362 1312 Var-

274 1361 340 1432 ro,⁴
359 1358 397 1417 ut
408 1353 516 1416 liberti
531 1361 689 1435 quoque,r
703 1353 760 1435 qui
774 1352 837 1415 sub
860 1353 977 1415 eodem
999 1356 1086 1415 tecto
1101 1350 1252 1428 luissent,
1272 1339 1363 1414 Italia

275 1455 530 1539 deportarentur.
543 1471 545 1476 ·
575 1452 616 1516 Id
631 1473 652 1518 a
664 1453 822 1536 Principe
836 1451 1039 1537 prohibitum
1061 1457 1123 1529 est,
1146 1458 1158 1485 ‘
1172 1472 1215 1516 ne
1229 1472 1300 1515 mos
1313 1442 1364 1514 aul

274 1558 397 1639 biquae,
414 1574 513 1638 quem
526 1554 752 1618 misericordia
775 1572 842 1616 non
865 1554 1037 1632 minuerat,
1059 1573 1118 1636 per
1143 1554 1306 1620 saevitiam
1318 1553 1362 1616 in-

278 1655 497 1720 tenderetur.'⁵

317 1758 371 1822 46.
394 1755 579 1820 Damnatus
602 1754 720 1819 iisdem
742 1755 943 1820 Consulibus
965 1757 1156 1842 Tarquitius
1171 1758 1309 1823 Priscus
1320 1769 1366 1819 re·

275 1859 505 1946 petundamm,
521 1857 683 1941 Bithynis
700 1859 988 1940 interrogantibus
1005 1879 1126 1941 magno
1142 1860 1280 1924 Patrum
1294 1874 1367 1940 gan·

276 1963 344 2042 dio,
359 1961 430 2045 qui¹
446 1966 637 2024 accusatum
648 1961 691 2025 ab
705 1979 746 2023 co
762 1959 928 2024 Statilium
939 1958 1110 2037 Taurum,t
1123 1961 1368 2027 Proconsulemf

313 2126 347 2176 Ut
357 2141 424 2174 nemo
435 2130 538 2187 patrum
548 2142 607 2175 unire
623 2126 732 2192 audebat¹
744 2128 866 2177 aduersari
884 2127 1008 2176 tentatie
1029 2125 1116 2188 Cassii,
1130 2123 1371 2176 mcaadbbanturdi·
1407 2129 1412 2138 ’

276 2204 349 2240 uerroe
359 2205 424 2238 noces
434 2191 608 2252 deplorantium
623 2192 823 2252 mutitudinem,
835 2192 877 2240 vel
888 2199 1003 2254 aetatem,
1014 2191 1056 2238 vel
1072 2205 1172 2251 sexum,
1182 2197 1211 2240 et
1222 2195 1371 2252 compertam

275 2254 415 2305 multorom
426 2254 608 2303 innocentiam.
643 2255 785 2318 Proepottuit
800 2263 879 2305 tamen
890 2254 922 2304 e'a
931 2270 999 2317 pars,
1013 2271 1064 2317 qua
1077 2271 1170 2318 poenam
1184 2255 1316 2304 statuebat:
1335 2251 1372 2300 sed

277 2318 367 2367 obediri
377 2334 423 2366 non
439 2316 543 2382 poterat,
557 2317 701 2380 congregata
714 2320 793 2382 plebe,
813 2336 866 2382 quer
884 2320 993 2381 lapides,
1009 2326 1038 2368 et
1055 2320 1129 2382 ignes
1144 2319 1289 2368 intentabat.
1320 2316 1372 2364 Μ

273 2382 383 2449 princeps
394 2383 469 2432 edicta
483 2383 593 2447 populum
608 2383 752 2446 objurgabit,
767 2390 791 2433 et
807 2384 950 2433 militaribus
963 2384 1077 2432 ennodiis
1086 2383 1197 2449 firmarit
1206 2398 1296 2433 omnent
1306 2380 1372 2441 omn,

277 2463 322 2512 qua
339 2449 445 2497 darnnati
457 2449 635 2512 adsupplicium
652 2450 813 2497 trahebantur.
849 2449 980 2511 Cingonius
1000 2449 1075 2497 Varro
1091 2449 1245 2510 diremerat,
1261 2453 1288 2495 ut
1303 2444 1374 2494 liberti

277 2512 408 2575 etiam,qui
425 2514 450 2561 in
467 2515 546 2562 eadem
563 2515 629 2563 domo
646 2515 811 2577 transitaran‘t,
827 2514 902 2563 ltalia
916 2514 1066 2575 pellerentur.
1100 2514 1131 2560 ld
1146 2514 1225 2561 uetuit
1244 2514 1330 2569 cnm,
1343 2522 1374 2557 ne

278 2576 364 2641 prisca
375 2578 509 2639 severitas,
521 2594 596 2641 quam
609 2578 739 2627 miseratio
751 2593 804 2627 non
814 2578 934 2638 lenierat,
946 2592 994 2638 per
1005 2576 1191 2624 immanitatem
1202 2582 1346 2639 augeretur.

313 2640 402 2688 Eodem
409 2656 469 2689 anno
481 2643 598 2689 coneictus
608 2650 648 2691 est
659 2650 735 2705 capta
749 2643 856 2706 pecuniae
872 2641 1010 2704 Tarquitius
1024 2642 1128 2697 Priscus,
1140 2640 1258 2705 Bithynis
1265 2638 1374 2701 pedules·

279 2701 354 2765 etta,
376 2704 469 2765 ingenti
486 2705 572 2753 latitia
588 2710 692 2768 senatus,
708 2708 749 2769 qui
765 2706 939 2770 recordabatur,
956 2704 1080 2753 Statilium
1104 2705 1206 2753 Tauream
1226 2704 1376 2769 prccantum

315 2920 328 2965 1
347 2914 379 2965 In
391 2907 541 2965 Manelf.
552 2930 611 2964 unus
621 2921 661 2964 ert
679 2914 706 2963 in
723 2912 810 2981 litura.
844 2916 939 2965 Fuerat
956 2915 1036 2965 bonas.
1045 2915 1100 2980 (Sic
1110 2913 1191 2979 Bad.)
1205 2914 1261 2965 Sed
1271 2928 1328 2963 unas
1340 2926 1378 2963 te·

276 2994 337 3043 ,rum
354 2987 404 3029 est.
438 2980 503 3028 Mox
524 2979 550 3027 in
567 2980 657 3029 eodem
677 2988 716 3028 est
727 2980 830 3042 dubiam,
842 2979 965 3043 absorpta
976 2982 1073 3043 syllaba
1084 2980 1118 3040 in,
1128 2986 1156 3028 ut
1168 2996 1250 3043 saepe,
1263 2993 1380 3043 apraecr-

281 3042 360 3093 dente
388 3044 472 3094 litera.
492 3045 587 3093 Ernest.
621 3044 688 3092 Bud.
703 3060 726 3093 a.
738 3049 762 3091 l.
779 3059 813 3091 ιιι.
828 3044 949 3093 indubiam
967 3045 1132 3093 innocentiam.
1151 3044 1221 3093 unde
1242 3050 1267 3094 2.
1279 3059 1312 3091 m.
1323 3042 1382 3091 fecit

278 3108 385 3157 indubie.
418 3108 530 3158 Admitti
542 3116 629 3171 posset
640 3108 726 3157 deleto
735 3124 764 3155 ur
774 3109 948 3171 praecedente.
967 3110 1124 3157 Obortis-u
1139 3109 1205 3157 Mes.
1215 3110 1285 3157 Flor.
1297 3103 1381 3157 Guelf.

281 3172 356 3221 Harl.
369 3174 445 3221 Bodl.
456 3174 511 3223 les.
523 3181 550 3221 et
560 3174 687 3222 editiones
705 3180 807 3221 veteres
819 3180 880 3220 ante
887 3174 1051 3234 Rhenanam,
1063 3173 1106 3237 qui
1117 3172 1212 3231 omisit,
1224 3179 1258 3222 et.
1290 3173 1321 3220 In
1332 3171 1379 3219 bit.

282 3236 349 3297 Reg.
358 3242 380 3284 et
390 3252 450 3285 saxa
460 3242 484 3285 et
487 3236 612 3296 facea—3
630 3238 801 3295 Puteolanas,
811 3237 924 3284 minante.
958 3238 990 3285 ln
1003 3238 1067 3285 Mss.
1078 3237 1266 3286 minitante—4
1282 3237 1314 3285 In
1323 3237 1381 3283 blau.

283 3300 347 3361 Reg.
359 3300 438 3348 Corb.
450 3307 477 3349 et
494 3302 607 3350 editione
626 3303 751 3368 principe,
773 3300 910 3361 Cingoritus
929 3300 1017 3361 Barca,
1036 3302 1077 3350 vel
1101 3302 1236 3350 Vama—5
1255 3299 1380 3368 blasles.

280 3364 358 3413 Bodl.
371 3373 399 3413 et
410 3363 537 3413 editiones
551 3373 660 3425 veteres,
670 3367 840 3413 incenderetur.
873 3365 946 3412 Bene
955 3364 1069 3413 Piclrena
1077 3373 1106 3415 et
1116 3367 1278 3414 recentiores
1286 3380 1318 3413 ex
1328 3376 1384 3413 eca-

275 3426 380 3491 jectura
393 3428 509 3476 erennui
521 3437 548 3477 et
560 3430 683 3486 Memmi,
693 3432 861 3477 intentaretur.
883 3429 995 3478 Brotier.

314 3496 328 3541 l
346 3494 410 3542 Mes.
422 3493 496 3541 Harl.
507 3493 583 3543 Bodl.
594 3493 650 3544 les.
660 3492 750 3544 Gueli.
761 3494 873 3557 μὲι-2
890 3493 941 3543 Μι.
952 3494 1022 3543 Flcr.
1030 3494 1173 3556 proconsule.
1197 3494 1232 3543 In
1243 3494 1310 3543 Mes.
1320 3492 1383 3554 Reg.

743 3586 744 3591 ’
774 3584 880 3663 nora
1378 3582 1382 3587 ’

283 3705 309 3755 in
322 3706 390 3755 idem
408 3707 536 3771 ila-gitium
552 3710 678 3762 abstracti
689 3715 773 3773 erent,
784 3717 815 3759 ut
853 3710 911 3758 buit
928 3724 982 3772 eos,
994 3710 1038 3775 qui
1058 3711 1208 3760 manumissi
1229 3710 1386 3761 testamento

280 3782 460 3845 fttinpraeliis.
539 3785 544 3793 '
735 3820 738 3825 Δ
853 3784 1385 3851 intonuerant,spettbertcttsmatnnn·

284 3877 288 3885 ·
313 3860 541 3925 πΙιιὸιιιιίμιιιᾳιιι]
568 3864 669 3927 Utpole
683 3867 814 3929 quiquas·
853 3861 1083 3924 immutarunt
1101 3864 1219 3927 aggredi,
1239 3870 1287 3912 aut
1304 3858 1387 3912 cenni·

280 3936 341 3987 darn
352 3950 444 3999 operas
455 3940 567 3999 patronis
580 3941 714 4000 deberent,
731 3947 759 3989 et
769 3940 814 3988 ad·
853 3949 925 3999 rere,
936 3939 1013 3987 silere
1023 3953 1053 3988 ac
1065 3940 1228 3987 dissimulare
1241 3942 1372 4002 poterant.

280 4013 331 4067 bne
343 4012 380 4061 eis
392 4013 525 4076 inservire,
536 4023 563 4063 et
576 4016 664 4063 colere
675 4016 731 4063 illos
743 4022 814 4065 tene-
886 4021 896 4045 ⁸
916 4014 1042 4078 Bithynis]
1059 4015 1115 4065 Lib.
1128 4018 1228 4063 niati.

281 4089 386 4150 bantur,
396 4089 433 4139 ita
445 4097 475 4136 ut
487 4104 545 4151 pians
564 4091 642 4139 etiam
652 4090 775 4145 batumum
785 4092 815 4140 li·
886 4090 895 4122 i
910 4089 1122 4139 decantanda
1131 4088 1262 4138 Statilium
1274 4080 1387 4145 Taum]

280 4162 349 4212 berti
361 4162 477 4212 defuncti
490 4163 522 4212 ad
534 4171 656 4227 patronos
667 4165 776 4211 veniret.
854 4164 941 4228 Sapra
950 4164 997 4214 lib.
1009 4178 1060 4215 xit.
1075 4164 1180 4229 Lipsius.

313 4238 364 4289 Sed
381 4238 423 4290 lric
443 4240 588 4305 presertim
607 4240 754 4305 intelligere
767 4239 811 4290 de·
