2984 4850
235 354 336 421 rste·
582 364 615 413 o.
640 359 822 411 conunnu
846 359 976 409 ruorrr
1178 360 1332 427 [nonis

237 514 295 590 dio
309 512 430 588 iactes,
444 509 599 593 prorutis¹
614 528 676 591 per
689 508 887 574 immensum
912 498 1090 581 stirme
1110 505 1149 567 ut
1171 500 1340 569 continere

236 614 399 681 violentie
414 630 554 695 compes
567 616 600 676 et
613 610 705 677 velut
718 627 861 675 vacnum
883 607 1005 671 omium
1024 610 1220 671 occurreret.
1265 578 1341 667 Ni'e

237 717 314 781 dnm
330 714 443 798 posito
456 719 557 791 metu,
577 707 722 777 redibatj
745 688 868 775 libiae
880 726 1012 777 uersum
1035 704 1343 787 grassatuscfignts,

236 896 332 955 ἱοιιειιιιι
342 894 445 956 spetiem
455 892 570 955 domibus,
580 897 607 941 ut
617 896 739 955 perpetue
749 888 850 938 sevitie
859 888 981 952 planities,
990 892 1015 936 et
1023 886 1097 936 vetuti
1107 900 1194 935 cernue
1202 884 1277 933 estber
1287 882 1345 945 obji-

236 963 335 1007 eeretsr.
368 960 484 1007 Necdum
493 958 575 1032 adsto
581 971 678 1021 msere,
686 969 768 1003 mres
776 954 905 1003 exardebat
919 954 978 1003 lenis
987 952 1190 1015 iterumstnnmrs,
1207 950 1346 1012 gliscebst·

702 1096 881 1119 ΟΙθΙΜΝΙΝ

271 1225 284 1269 l
304 1220 347 1269 Sic
357 1221 424 1271 bene
435 1222 569 1284 Errrestus,
580 1220 739 1271 Grosiotium
753 1228 780 1271 et
792 1220 951 1270 Gronoviunr
962 1225 1075 1272 secutus.
1108 1219 1141 1268 In
1152 1218 1217 1266 Mss.
1229 1222 1257 1266 et
1272 1222 1348 1267 sete·

239 1284 312 1337 ribus
323 1286 489 1348 editionibus,
496 1289 627 1349 prompte
644 1286 757 1335 Brotier.
790 1286 911 1348 prmuptis
924 1284 1050 1348 nyctim,
1068 1283 1150 1331 sedin
1165 1284 1282 1344 margine
1290 1297 1348 1344 pro·

239 1349 360 1397 retis—2
371 1350 423 1397 Nee
433 1352 489 1399 dnm
498 1351 574 1412 posito
584 1355 658 1411 metu,
668 1350 772 1410 redibat,
782 1350 845 1397 bned
855 1350 921 1411 leuis,
930 1354 953 1397 et
965 1362 1058 1395 rursum
1065 1361 1143 1407 grass.
1160 1346 1276 1395 Brotier.
1287 1360 1347 1395 cunr

168 1472 180 1480 ,
241 1413 368 1474 Homero,
376 1420 405 1462 et
414 1414 458 1461 iiie
475 1415 541 1461 hanc
558 1422 646 1462 notam
659 1414 791 1477 adjungit:
809 1414 864 1461 ‘Ut
875 1412 1039 1461 iocumhunc
1056 1411 1229 1467 restituerem,
1241 1417 1348 1458 secutus

240 1491 295 1524 sum
306 1478 415 1525 maxime
425 1478 477 1525 Ms.
487 1477 564 1526 Corb.
576 1486 605 1527 et
614 1478 755 1526 editionem
768 1476 850 1539 princi
871 1492 921 1537 em,
932 1477 995 1527 licet
1006 1476 1032 1523 in
1044 1474 1083 1537 iis,
1098 1474 1166 1523 sicut
1183 1474 1208 1521 in
1228 1474 1347 1525 omnibns

241 1540 305 1588 Mss.
316 1542 372 1588 brec
383 1541 435 1588 sint
446 1540 538 1588 misere
548 1540 696 1606 deturpata.
730 1542 782 1590 Ms.
796 1493 873 1589 corb.
891 1556 933 1589 ster
944 1543 999 1589 dum
1012 1544 1065 1601 post
1082 1543 1159 1587 metus
1167 1538 1230 1586 bord
1241 1536 1348 1587 rediebat

241 1605 299 1652 levis
307 1608 331 1651 et
341 1618 434 1652 rursum
443 1610 567 1665 gratemur
574 1604 646 1665 ignis.
673 1604 764 1653 Editio
776 1605 906 1668 princeps,
917 1618 959 1653 nee
970 1606 1025 1652 dnm
1036 1608 1111 1651 metro
1120 1606 1184 1665 post:
1200 1606 1243 1650 eut
1254 1602 1348 1651 redibat

240 1669 310 1727 leuis,
319 1672 342 1715 et
353 1683 457 1732 mrtem,
472 1672 512 1729 des.
546 1669 700 1732 Corruptior
711 1670 764 1717 Ms.
779 1669 848 1717 Flor.
866 1671 966 1717 necdum
974 1667 999 1731 p’
1010 1672 1086 1716 metm
1095 1666 1200 1715 rediebat
1212 1666 1266 1714 libis
1277 1667 1287 1713 i
1297 1679 1350 1714 sset

239 1736 362 1792 mussans
369 1732 442 1793 ignis.
476 1732 543 1780 Hoec
554 1747 612 1781 cum
629 1747 680 1781 non
692 1732 869 1793 intelligerent
877 1732 987 1793 librarii,
999 1736 1114 1779 veterem
1126 1732 1291 1792 scripturam,
1304 1728 1349 1778 ed·

239 1798 290 1844 huc
302 1796 472 1855 immutatam,
480 1802 508 1844 et
520 1804 650 1858 praeterea
665 1796 727 1858 qnid
739 1796 791 1858 ipsi
802 1797 974 1863 conjicerent,
986 1794 1126 1844 tradidere.
1158 1794 1224 1842 lude
1242 1794 1269 1841 in
1282 1794 1348 1843 urse.

240 1860 317 1908 rtur.
328 1859 385 1910 Jes.
395 1858 483 1908 Guetf.
494 1864 547 1921 post
558 1866 634 1908 meter
644 1864 685 1908 ast
699 1858 818 1909 residebat
836 1862 904 1909 ienis:
920 1874 961 1908 see
972 1861 1027 1908 dum
1040 1858 1118 1921 posito
1129 1862 1191 1907 metu
1203 1857 1263 1905 ratis
1271 1860 1351 1905 aede·

241 1924 566 1988 tornamentorum,
581 1917 623 1986 Uer
657 1925 710 1974 Me.
730 1924 807 1973 Bodi.
826 1931 854 1973 et
873 1924 1041 1983 Puteolanus,
1058 1923 1168 1984 probate
1185 1923 1350 1971 iibrsriorurn

241 1988 398 2050 conjecture,
416 1988 545 2036 retinuere
558 1996 667 2051 tsnnrrn,
687 2003 730 2037 see
746 1990 803 2037 dnm
819 1987 992 2052 (Puteolanus
1011 1984 1110 2050 nedem)
1137 1987 1196 2035 osito
1206 1991 1281 2048 mets,
1292 1987 1352 2036 sutis

241 2051 380 2100 credebatur
390 2066 441 2099 cnm
452 2050 509 2098 ieris
520 2066 623 2114 mesum,
633 2055 674 2115 ipe.
709 2052 762 2101 Ms.
773 2051 838 2113 Agr.
850 2067 883 2101 es
901 2052 1053 2115 conjectura
1064 2002 1159 2099 erutriti
1171 2050 1282 2113 alicujus
1294 2050 1351 2113 viri,

241 2123 272 2163 ut
283 2116 333 2163 etin
341 2116 423 2162 muita
434 2114 460 2162 in
471 2115 520 2161 boc
528 2115 630 2177 codice,
639 2130 680 2164 neo
690 2118 747 2164 dom
756 2117 845 2178 posito,
855 2120 930 2165 ιιιιίιιι
939 2116 1032 2165 redibat
1043 2130 1088 2163 non
1099 2116 1156 2163 levis
1164 2120 1188 2163 et
1198 2130 1302 2176 rursum,
1310 2117 1351 2176 tre.

242 2178 324 2241 [quod
336 2178 438 2240 recepit
448 2178 586 2243 Ryckins.]
618 2178 657 2227 At
669 2179 800 2242 displicet,
817 2183 926 2229 necdum
934 2182 1012 2243 posito
1023 2180 1155 2227 incendio:
1175 2189 1229 2227 tum
1240 2192 1350 2241 quoque

240 2242 329 2305 friget,
339 2247 363 2291 et
372 2253 476 2291 rursum.
509 2243 568 2292 Nec
580 2244 665 2307 piacet
675 2243 757 2306 magis
774 2244 843 2307 quod
858 2246 1017 2293 recentiores
1030 2243 1145 2305 edidere,
1155 2259 1198 2291 eree
1208 2244 1264 2291 dum
1273 2244 1350 2305 posits

241 2312 314 2369 mter,
324 2306 417 2357 netem
426 2308 486 2358 ests
493 2321 589 2357 mrem
597 2312 722 2369 grunnius
730 2308 802 2368 igne.
825 2308 858 2357 Id
871 2309 940 2357 enim
949 2309 1024 2357 nimis
1033 2307 1136 2357 recedit
1146 2322 1161 2355 e
1173 2308 1238 2355 Mes.
1250 2307 1351 2355 omissio

241 2370 314 2434 betti,
323 2376 357 2422 et.
391 2372 525 2422 Praeterea
534 2371 602 2436 iguis
613 2372 657 2420 ilie
667 2372 727 2422 kris
737 2371 862 2432 nonfuit,
880 2374 924 2438 qui
944 2387 991 2436 per
1005 2374 1095 2436 patule
1107 2374 1164 2421 ioca
1181 2378 1352 2436 grassaretur,

241 2444 270 2488 et
281 2437 390 2490 delubra
401 2438 497 2498 Deum,
512 2451 543 2487 ec
554 2439 671 2502 porticus
682 2438 827 2489 amoeniteti
840 2438 941 2488 diceres
953 2439 1030 2488 trtius
1043 2445 1189 2502 prorueret.
1224 2435 1353 2486 Probabi-

745 2571 856 2625 NOTAE
910 2608 917 2613 -

276 2681 418 2732 *Prorutis
436 2700 479 2746 per
499 2685 637 2734 immensum
657 2684 779 2750 rediistis]
818 2688 932 2749 pisente.
967 2689 1064 2738 Procul
1075 2687 1179 2737 obviem
1192 2686 1282 2735 ibatur
1293 2685 1355 2751 igni,

244 2761 322 2823 Vntg.
331 2762 467 2824 prmpte:
482 2762 528 2813 ted
541 2763 597 2825 iege
607 2762 711 2812 omnino
725 2777 779 2824 pen·
822 2765 1091 2830 rbrurupebnnturque
1112 2766 1165 2814 lete
1185 2763 1307 2822 edificia,
1327 2770 1356 2811 nt

244 2837 315 2891 rutis·
349 2838 393 2888 De
412 2853 464 2902 que
483 2838 562 2890 verbo
582 2838 703 2891 diximus.
737 2841 779 2892 itt·
823 2848 849 2892 et
869 2856 915 2891 suo
932 2857 994 2890 casu
1012 2841 1244 2905 ruinnque'igeem
1264 2839 1362 2888 obrue.

244 2913 365 2968 cendinnr
381 2915 526 2979 perrumpit,
545 2922 574 2965 et
591 2929 662 2966 mam
680 2930 780 2978 prump-
823 2925 890 2978 rnnt,
903 2924 931 2967 et
949 2919 988 2966 sic
1007 2917 1138 2977 sisterent,
1157 2926 1187 2966 ut
1199 2931 1284 2966 vecno
1302 2916 1356 2966 solo

244 2995 305 3054 tm,
314 2999 343 3044 et
358 2992 464 3046 sinitis:
482 2993 527 3045 set
540 2991 609 3042 redes
624 2998 780 3056 promatur,
823 2997 939 3060 certoque
974 3001 1164 3059 praeverterent
1199 2993 1358 3064 incendium,

245 3075 276 3119 ut
302 3070 450 3120 incendium
480 3070 555 3119 rninn
590 3070 780 3133 exstinguntur.
820 3069 1281 3135 sicquenecessariocessnretiguis.

248 3146 389 3195 Gronovius.
434 3147 571 3209 Promptis,
591 3147 619 3196 id
645 3154 696 3207 eet,
718 3154 780 3197 ente
853 3147 985 3213 AEdifieiis]
1033 3147 1113 3210 Tum·
1129 3147 1210 3195 etiam
1233 3145 1358 3194 subverse

246 3223 343 3285 ruptis:
361 3238 456 3286 nempe
473 3224 558 3285 ignem
576 3224 781 3287 praeveniebant,
820 3224 914 3273 borres
926 3223 1015 3287 populi
1027 3225 1101 3272 Rom.
1119 3221 1187 3272 forte
1205 3223 1302 3285 partim
1314 3235 1358 3270 ne·

243 3297 331 3368 ruptis
344 3305 405 3349 ante
426 3298 551 3362 edificiis,
570 3315 647 3363 quoru
666 3301 780 3364 ettinge—
824 3300 958 3358 censitote,
970 3299 1065 3362 purtim
1084 3298 1226 3346 ambitione
1236 3296 1361 3358 Neronis,

247 3380 297 3425 ret.
331 3373 373 3427 lbi
389 3390 434 3438 pro
448 3375 498 3424 viru
516 3375 605 3439 babet,
623 3384 654 3426 ut
672 3377 700 3426 in
715 3392 780 3428 uoce
823 3383 853 3424 ut
865 3375 975 3424 heberet
990 3375 1104 3438 spatium
1122 3387 1174 3438 quo
1193 3372 1300 3422 domum
1317 3387 1362 3420 su·

243 3449 366 3512 tremite·
758 3457 760 3465 '
824 3467 893 3501 resin
905 3450 1056 3501 aediiiceret.

254 3525 433 3588 remeent
450 3527 529 3576 Forte
540 3528 578 3578 its
589 3528 780 3595 dietnm,qoasi
855 3528 928 3578 Soet.
948 3532 988 3576 88.
1004 3525 1148 3578 ‘Quaedaru
1170 3526 1264 3575 horrea
1288 3525 1362 3574 eirea

245 3599 376 3654 discinde
397 3605 673 3667 seustrsgedornnum
690 3607 780 3656 sotici-
824 3604 927 3653 domum
961 3617 1074 3662 auream,
1103 3617 1210 3666 quornm
1246 3602 1364 3664 sparton

247 3684 319 3741 pets,
354 3679 535 3730 antevenirent
567 3681 725 3744 incendium,
753 3689 782 3732 et
824 3680 1122 3743 mnrinredesidernbsr,
1139 3680 1174 3743 ri,
1191 3679 1293 3728 beltiris
1310 3692 1365 3728 mt-

247 3759 322 3811 certe
344 3754 511 3816 proruebant,
532 3759 734 3820 prorumpebam
754 3763 781 3806 et
824 3758 907 3807 cbinis
930 3757 1098 3817 labefectnte,
1115 3764 1194 3820 etque
1218 3753 1364 3804 inflammo·

247 3829 436 3884 subvertebant
457 3831 590 3881 domosin
607 3841 781 3896 antecessum,
825 3834 870 3896 tn,'
890 3839 939 3884 dec.
972 3835 1051 3882 Forte
1073 3832 1163 3882 eodem
1183 3831 1260 3882 modo
1275 3838 1305 3879 et
1318 3831 1364 3879 iis·

247 3919 280 3955 ne
295 3919 390 3969 nempe
408 3921 514 3970 serpere
526 3908 636 3971 lougius,
646 3915 693 3959 sut
709 3925 780 3972 gres·
824 3911 882 3960 dero
894 3910 1028 3972 mechiris,
1044 3908 1131 3957 (brinta
1141 3908 1186 3956 iiis
1197 3921 1246 3971 per
1255 3907 1366 3956 irnrnen·

248 3983 300 4039 suri
313 3989 402 4045 posset
414 3983 489 4048 ignis,
499 3984 556 4033 solo
572 3985 690 4052 coeioqne
710 3986 780 4034 inani
824 4001 880 4036 sum
893 3985 1013 4048 aedificia,
1030 3991 1060 4032 ut
1076 3998 1160 4032 vocuo
1175 3983 1242 4032 coeio
1256 3983 1365 4046 soloque

247 4067 363 4122 reperto.
825 4062 928 4126 eundem
942 4060 1106 4110 cohiberetur
1117 4057 1277 4107 incendium.

269 4135 417 4197 interruptis]
441 4133 781 4202 denominationesque
858 4135 935 4186 iNee
950 4139 1005 4184 dnm
1018 4137 1105 4199 posito,
1119 4133 1174 4196 ipe]
1192 4131 1364 4183 Punctumirr

248 4211 357 4260 validius
377 4213 440 4277 qnid
458 4213 573 4264 innuitur
592 4229 668 4280 quem
688 4229 736 4280 per
752 4215 782 4264 rb
826 4215 938 4280 vulgatis
947 4211 1087 4278 opponitur
1102 4220 1162 4276 post
1173 4209 1291 4272 rerbrrm,
1301 4207 1363 4257 redi·
