2984 4850
215 366 304 436 2024
441 452 449 467 ι
563 380 596 429 c.
620 377 806 428 counitum
829 376 964 426 riorus
1154 381 1200 447 [a
1213 380 1317 435 voro.

211 524 290 593 iroo⁸
312 522 483 609 quiden?
501 523 645 607 inquit,⁹
680 525 760 586 ‘ex
785 517 994 602 disciplina?
1024 518 1318 605 admonitusquer·

109 663 112 669 ·
210 628 334 693 sortiter
348 624 539 710 protendere
553 626 749 689 cervicem·
771 620 958 699 ‘Utinam’
971 622 1030 700 ait,
1053 626 1064 657 ‘
1080 628 1115 687 tu
1138 628 1208 687 tam
1224 624 1317 689 sorti·

210 734 259 793 ter
270 725 391 791 ferias?
424 726 469 792 Iit
480 727 535 791 ille
549 727 687 791 multum
702 732 855 801 tremens,
871 740 947 788 oum
962 723 1023 789 vix
1037 722 1315 790 dnobns‘ictibns

209 832 313 910 caput
326 830 577 910 amputavisset,
590 827 756 891 saevitiam
769 825 861 909 opud
875 825 1042 890 Neronem
1051 825 1207 911 jactavit,
1223 829 1234 861 ‘
1246 836 1315 891 tes·

59 1010 66 1032 K
82 975 86 984 -
137 1008 142 1024 ι
165 978 195 1025 1..)
209 930 366 1012 quipiaga
379 929 598 992 intersectum¹¹
613 950 636 993 a
648 928 695 992 se'
708 928 862 995 dicendo.

31 1040 54 1107 Ns
80 1047 109 1096 ‘¹'
135 1053 167 1092 'w
207 1095 291 1159 sasque
309 1090 444 1133 master
456 1086 540 1134 codam
551 1085 675 1149 praebm:
690 1085 807 1148 Utinam,
823 1084 910 1149 inquii,
929 1090 958 1134 tu
978 1090 1032 1133 tam
1050 1088 1156 1135 strenue
1173 1086 1314 1149 percutias,

212 1146 244 1197 aa
255 1150 295 1197 iile
310 1150 377 1198 solda
386 1149 514 1211 trepidans,
525 1166 579 1198 cam
589 1151 632 1213 ria
647 1151 736 1213 duplici
745 1152 795 1199 iem
805 1155 875 1211 caput
886 1149 976 1197 Flavio
991 1150 1139 1212 aimidisset,
1149 1150 1314 1199 crudelitatem

208 1213 478 1277 irrumcelsimoitopad
486 1214 612 1278 Neronem,
619 1221 647 1263 et
658 1217 791 1303 plusquam
803 1228 853 1263 uno
865 1213 918 1264 ictu
927 1228 980 1263 eum
990 1214 1150 1264 interemisse
1157 1214 1316 1277 gloriabatur.

672 1340 714 1361 00!
718 1340 853 1361 “MNO“

207 1420 373 1485 editionibus,
382 1424 499 1485 μηνίει
515 1422 584 1473 unde
600 1423 791 1473 Freinshemius
803 1423 931 1489 tentabat,
941 1428 986 1485 qao
997 1421 1056 1471 aisa.
1090 1418 1254 1470 limiam—8
1269 1420 1315 1469 lta

207 1486 273 1534 Mas.
289 1484 458 1547 Puteolanus,
466 1487 575 1537 ἤια-9
586 1488 701 1538 Badans.
713 1488 859 1551 transponit
871 1488 927 1537 liaeo
939 1486 1019 1536 verba
1029 1500 1059 1535 se
1069 1485 1093 1535 i
1103 1501 1128 1549 q.
1138 1499 1178 1534 se.
1188 1486 1213 1534 d.
1224 1485 1315 1547 inquit.

206 1547 271 1597 ss-lo
287 1550 331 1599 lta
342 1550 406 1600 Mss.
419 1550 486 1599 Flos.
499 1550 566 1615 Reg.
578 1552 656 1600 Corb.
666 1551 748 1601 editio
768 1552 890 1616 princeps
907 1557 936 1601 et
952 1549 1123 1601 recentiores.
1157 1549 1222 1599 Mas.
1238 1550 1315 1601 llari.

206 1609 282 1665 Bodl.
293 1614 349 1665 Jes.
361 1622 387 1663 et
398 1614 558 1664 Puteolanus
570 1616 679 1665 omisere
691 1616 821 1681 copulam.

705 1740 814 1797 NOTAE

205 1853 402 1927 ltaqoeisosailis
411 1854 500 1905 scrobs
518 1855 579 1920 erit,
598 1869 650 1905 non
667 1856 740 1918 adm,
780 1854 863 1917 do‚et
874 1854 900 1904 in
911 1854 1008 1905 milites
1026 1854 1110 1919 primo
1121 1850 1314 1905 etamilitibus

204 1929 405 1993 oonprosasrdss.
662 1987 670 2003 ι
780 1938 942 1995 usurpatum.

236 2004 337 2054 Plinius
347 2020 418 2055 xvir.
430 2012 471 2059 19.
487 2007 662 2071 ‘Supradicta
671 2007 740 2057 ratio
813 2006 951 2056 Suetonius
963 2005 1047 2071 calip.
1068 2020 1091 2057 c.
1103 2009 1144 2056 ³2.
1159 2005 1167 2033 ⁴
1179 2004 1258 2054 Miles
1267 2004 1316 2055 de·'

205 2072 232 2148 et
255 2081 361 2131 scrobes
383 2081 474 2133 fodere
497 2084 661 2134 monstravit.
705 2084 738 2134 ln
778 2082 888 2133 collandi
900 2081 1313 2147 artifex,qoiboscumqueecas·

203 2157 308 2221 aquosis
328 2159 406 2219 enim,
418 2172 500 2222 neque
512 2160 578 2208 altos
590 2172 675 2224 neque
687 2174 739 2207 am·
779 2159 853 2209 todia
864 2159 952 2223 capita
963 2156 1135 2221 amputabat!

201 2222 258 2301 plor
269 2230 357 2282 facere
368 2234 502 2296 expediet,
512 2234 588 2284 aliter
601 2234 626 2283 in
639 2241 733 2283 aestuo·
810 2236 911 2285 Seneca
929 2234 962 2283 de
981 2235 1030 2295 ira,
1049 2247 1070 2283 r.
1082 2238 1122 2283 to.
1140 2235 1147 2261 ‘
1160 2233 1312 2283 Damnatus

200 2322 229 2356 so
241 2309 295 2357 solo
307 2315 335 2357 et
346 2308 433 2371 sieco,’
445 2312 496 2359 dcc.
772 2316 850 2360 extra
869 2311 963 2361 vallum
982 2308 1109 2357 deductas
1130 2313 1180 2369 est,
1200 2312 1229 2357 et
1250 2306 1310 2369 jam

236 2383 270 2434 Ui
280 2382 403 2449 Mum]
414 2384 492 2435 Hand
501 2384 564 2436 satis
574 2383 733 2450 depressam,
772 2385 900 2438 cervicem
911 2383 1076 2450 porrigebat:
1094 2398 1152 2434 cum
1163 2382 1251 2435 subito
1263 2398 1310 2448 ap·
1346 2429 1351 2438 .

200 2468 230 2511 nt
242 2460 334 2511 debuit
352 2477 386 2511 ex
403 2477 475 2512 more
491 2468 520 2512 et
538 2463 657 2512 instituto
668 2464 732 2512 mili·
772 2461 859 2527 paruit
884 2463 930 2512 ille
957 2461 1108 2524 commilito,
1133 2461 1177 2526 qui
1205 2459 1310 2510 occisus

199 2537 266 2586 tari:
284 2538 322 2588 sic
339 2539 469 2600 aestuaria,
488 2540 526 2589 sle
543 2539 633 2588 littora
651 2539 732 2588 brevia
773 2537 919 2598 ridebatur.
950 2538 1024 2585 Tunc
1042 2537 1160 2586 centurio
1179 2536 1311 2600 'supplicia

199 2621 276 2664 vocat
286 2615 401 2677 Tacitus,
410 2631 468 2678 quse
477 2630 527 2664 uon
539 2612 677 2678 profunda,
688 2630 731 2664 ne·
772 2615 938 2678 praepositus,
956 2614 1068 2662 condere
1088 2611 1200 2676 gladium
1212 2625 1308 2674 specu·

198 2704 248 2753 que
257 2690 416 2752 navigationi
427 2697 581 2754 opportuna.
702 2731 705 2736 .
773 2684 882 2740 lator'em
900 2688 997 2753 jubet!
1039 2689 1075 2738 Et
1091 2687 1218 2756 exempla·
1229 2685 1308 2736 obvia

230 2771 239 2796 '
257 2765 295 2813 Ne
305 2765 348 2812 lsoc
359 2764 462 2829 quidem]
477 2767 521 2816 Sic
532 2766 627 2828 arguit,
635 2781 732 2816 morem
773 2773 834 2830 post
843 2763 1007 2828 Augustum:

197 2839 308 2903 militiae,
323 2841 536 2906 disciplinamque
548 2842 611 2891 belli
622 2858 733 2906 omnem,
806 2843 948 2892 Honestior
954 2845 1040 2890 autem
1049 2854 1125 2906 poeua
1133 2837 1309 2904 gladii,quam

196 2915 300 2977 penitus
312 2924 460 2980 corruptam
471 2933 501 2968 ac
510 2917 665 2969 labefactam
673 2934 730 2968 esse
773 2920 885 2978 securis3
904 2917 941 2970 ab,
949 2930 1031 2980 eaque
1043 2925 1130 2964 mente
1142 2915 1211 2964 illam
1223 2913 1309 2966 Anto·

111 2980 115 2988 ’
196 2986 296 3054 flagitio
307 2991 518 3056 imperitantium.
731 2987 735 2993 ’
770 2995 824 3043 uini
844 2993 988 3044 caracallae
1009 3005 1100 3040 vocem
1121 2989 1205 3053 capio.
1240 2989 1308 3040 Cum

229 3066 268 3114 Ne
286 3067 442 3133 isocqoidem]
459 3069 553 3134 Arguit
568 3072 594 3121 in
611 3071 729 3122 omnibns
769 3068 1217 3132 securiPapinianusoccisusesset,
1228 3070 1235 3094 ¹
1245 3065 1309 3116 Gla·

193 3139 297 3204 imperii
308 3150 336 3192 et
348 3143 445 3194 miiitiae
458 3147 571 3208 partibus
583 3147 671 3196 labare
682 3147 732 3196 dis.
773 3147 815 3196 dio
836 3153 863 3196 te
883 3144 976 3212 exequi
996 3143 1112 3208 oportuit
1136 3158 1222 3192 meum
1247 3143 1306 3208 jus·

195 3217 328 3290 ciplioam‚
336 3218 375 3268 ita
386 3228 415 3268 ut
427 3236 460 3270 oe
471 3223 574 3284 quidem
585 3223 650 3271 lianc
660 3237 730 3272 sero·
771 3221 845 3270 sum!

195 3293 252 3352 lieni
266 3291 368 3342 foderet
386 3296 461 3343 miles
477 3310 510 3344 ex
527 3298 599 3346 more
615 3296 729 3364 antiquo,
802 3298 946 3362 Xenophon
959 3298 1093 3362 eleganter
1105 3297 1138 3347 de
1152 3296 1214 3362 Cyri
1226 3311 1306 3360 expe·

194 3373 240 3416 arrt
251 3381 284 3416 ex
297 3369 433 3432 disciplina
443 3371 517 3420 Rom.
769 3373 817 3426 dit.
828 3375 844 3424 l.
856 3387 887 3423 ιι.
899 3381 1037 3424 extremo:
1055 3373 1088 3422 de
1100 3372 1172 3422 cade
1185 3371 1306 3430 Menonis

221 3442 516 3510 ’ProtendereccreicemJ
527 3445 652 3497 Habitum
660 3448 728 3498 iruna
767 3450 899 3501 Thessali:
925 3451 1013 3500 ‘Post
1030 3450 1139 3498 aliorum
1156 3449 1304 3498 Praetorem

193 3531 291 3581 eorum,
302 3518 345 3582 qui
357 3520 444 3582 gladio
464 3519 585 3582 feriendi,
603 3523 728 3576 describit
768 3517 877 3587 caedem,
885 3526 1021 3575 damnatus
1031 3540 1116 3588 arege
1124 3524 1230 3574 interiit.
1242 3524 1304 3576 Non

191 3593 379 3658 l’anegyristes
387 3596 413 3643 in
421 3597 556 3647 Theodosii
564 3599 727 3651 laudatione:
766 3607 797 3652 ut
813 3591 954 3650 Clearehas
972 3599 1067 3664 aliique
1080 3601 1170 3659 ducos,
1187 3598 1305 3660 capitas

190 3664 344 3737 ‘Poplitem
355 3671 481 3736 flectere3
497 3676 726 3726 cervicemexteu·
766 3677 910 3734 ceruicibus
933 3677 1030 3746 ablato,
1051 3675 1131 3740 (quod
1159 3673 1302 3738 pulcherri-

191 3751 253 3800 dere
271 3750 303 3800 ad
323 3751 434 3815 plagam,
445 3753 554 3803 fortaase
565 3769 617 3806 nou
628 3755 725 3809 aunam?
765 3769 835 3804 nrum
846 3753 936 3812 mortis
945 3767 1027 3816 genus
1038 3766 1094 3802 esse
1104 3748 1302 3814 censetur,)sed

192 3827 268 3895 Quod
279 3829 401 3892 supplicii
412 3844 493 3894 genos
507 3837 592 3879 tamen
604 3831 723 3895 ignotum
766 3845 859 3881 annum
871 3836 953 3879 totum
974 3828 1050 3878 variis
1068 3827 1231 3876 contumeliis
1244 3837 1304 3874 crn-

189 3901 471 3968 Reip.priscte‚etiam
486 3905 624 3956 iuruilitia.
658 3907 723 3956 ldeo
763 3905 927 3968 clutton-que
955 3901 1075 3962 affectus,
1099 3911 1128 3951 ut
1151 3897 1302 3968 sceleratus

189 3966 320 4035 Lucanus:
338 3984 346 4009 ‘
358 3981 479 4032 Nondum
490 3982 554 4032 artis
564 3989 632 4046 erat,
643 3990 724 4049 caput
744 4029 748 4033 ,
763 3983 900 4049 quispiam,
909 3984 1013 4032 tandem
1026 3981 1111 4032 obiit.'
1147 3980 1254 4043 lipsiae

188 4069 250 4105 ense
260 4057 366 4108 rotare!
547 4094 549 4097 -
795 4059 923 4122 tdiucius]
937 4060 1036 4108 Debuit
1050 4071 1098 4108 rino
1110 4056 1175 4114 ictu,
1186 4055 1236 4106 nisi
1249 4063 1302 4102 tre·

220 4131 309 4196 Cepit
319 4134 366 4189 sub
378 4135 464 4198 impp.
481 4134 617 4200 statimque
629 4135 654 4185 iu
665 4150 722 4185 cre·
762 4135 878 4200 pidasset
889 4149 943 4197 pre
957 4133 1059 4198 ignavia
1071 4139 1099 4182 et
1109 4129 1237 4180 socordia.

188 4205 300 4273 barcino
313 4224 368 4261 uso.
402 4210 721 4284 dmilitiacrepissaere·
794 4205 1297 4290 ¹oaqatptogatstersqctaa1mdgatn
