2984 4850
251 346 341 419 leet
610 362 645 412 o.
668 360 853 411 consumi
876 362 1008 413 recisi
1197 366 1355 433 [susas.

252 502 433 588 vultuque-⁶
454 503 543 596 tristi
569 504 657 569 iuter
683 506 922 571 oblectamenta
950 502 1062 589 Regia
1089 506 1236 588 spectari
1255 524 1353 589 οιιρο-

154 669 159 678 Χ
252 615 337 673 rent.

251 788 276 895 {t
287 786 363 845 mant,
371 782 411 845 qui
417 796 523 858 ιιιιιιιιιιι
531 781 603 844 gram
611 786 635 830 et
645 744 726 831 seberc
733 748 1054 845 adductaquefrontebideri
1062 780 1147 829 cedent
1157 776 1355 841 interroluptates

264 860 361 910 nmque
371 862 456 909 regnos.

715 969 895 993 uocemue*

251 1086 407 1136 tur.Dehoc
415 1086 493 1135 verbo
502 1086 640 1148 plurimum
648 1086 750 1133 variant
759 1084 1085 1148 libri.Mt.Flor.rueretur.
1094 1082 1144 1131 Ms.
1153 1080 1356 1133 Budnerentur.

253 1149 306 1199 Ms.
327 1152 393 1215 Reg.
413 1158 441 1199 et
463 1150 544 1199 editio
564 1151 696 1213 princeps,
717 1154 821 1199 ruerent.
856 1150 907 1197 Me.
920 1149 985 1211 Agr.
997 1151 1114 1195 eruerem.
1148 1147 1179 1194 ln
1197 1148 1248 1195 Ms.
1267 1143 1356 1195 Guelf.

252 1219 321 1277 utque
334 1249 341 1262 .
353 1250 360 1263 .
373 1249 380 1263 .
391 1213 541 1263 eruebantur.
574 1214 717 1263 Beroaldus
735 1219 763 1262 et
780 1213 948 1272 recentiores,
963 1215 1033 1273 utque
1052 1210 1199 1259 eruebantur.
1233 1210 1358 1258 Ernestns

251 1279 351 1340 mallet,
362 1280 505 1327 riderentur.
539 1278 678 1341 Ingeniose
691 1276 841 1339 Rhenanus,
853 1281 1019 1341 quererentur.
1043 1275 1136 1323 Potest
1146 1281 1232 1322 tamen
1241 1268 1307 1322 ferri
1315 1287 1358 1321 su·

251 1342 326 1406 tique
335 1350 363 1391 et
373 1345 456 1405 magis
468 1342 579 1406 probata
591 1344 737 1405 scripturn.
765 1342 867 1403 Nempe
887 1342 959 1389 Nero
978 1340 1101 1402 sapientire
1120 1336 1251 1386 nonoribus
1268 1342 1359 1401 ternpus

252 1406 403 1469 tmportubu
419 1411 472 1469 post
483 1408 571 1469 epulas,
581 1414 661 1469 atque
681 1405 860 1467 impartiebat,
877 1410 905 1453 ut
916 1404 1034 1452 contrariu
1045 1402 1225 1451 asseverantium
1236 1400 1359 1449 mundius

252 1476 398 1523 meremur.
431 1471 459 1519 si
471 1471 532 1534 quid
544 1470 706 1532 mutandum,
719 1483 778 1526 cnm
789 1470 914 1517 Rbeuano
925 1467 1100 1528 emendarem,
1111 1472 1139 1513 ut
1150 1466 1269 1514 contraria
1286 1480 1360 1514 amer-

252 1534 359 1594 partium
380 1535 503 1583 ducordiae
525 1538 694 1596 quererentur.
737 1533 814 1584 Quod
836 1532 941 1580 minime
963 1531 1096 1595 indignum
1113 1530 1218 1578 Tacito.
1251 1529 1359 1578 Brotter.
1402 1555 1406 1562 -

254 1597 401 1647 Gronovius
413 1612 472 1646 cum
482 1598 585 1661 Ryclrio
604 1598 669 1661 legit
680 1597 881 1646 eruebantur.-b
897 1596 939 1645 Ita
951 1596 1016 1644 Mss.
1028 1595 1096 1643 Flos.
1109 1594 1175 1657 Reg.
1193 1592 1272 1641 editio
1289 1592 1364 1655 prin-

253 1674 315 1723 ceps
335 1668 364 1709 et
381 1662 548 1711 recentiores.
582 1662 648 1711 Mss.
661 1662 736 1709 Harl.
754 1660 828 1709 Bodl
844 1660 899 1710 bes.
918 1666 946 1709 et
963 1659 1131 1721 Puteolanus,
1151 1670 1205 1707 uoce
1221 1658 1299 1719 uultu,
1319 1658 1360 1719 ²5⁶·

253 1724 287 1775 In
298 1725 412 1789 margine
425 1727 476 1775 Ms.
489 1726 565 1775 Bodl.
575 1740 623 1777 ore.
655 1725 761 1773 Amicus
773 1724 842 1789 apud
854 1724 982 1787 Ryclrium
993 1726 1109 1786 cultuque.

749 1890 855 1942 NOTAE

253 2006 346 2058 bantur.
378 2006 446 2056 Post
474 2007 566 2070 epulas
594 2006 785 2056 adhibebantur
826 2010 955 2055 sectarum
985 2002 1118 2067 opiniones
1141 2004 1362 2063 cognoscerentur

253 2082 399 2145 philosophi
417 2081 577 2132 diversarum
594 2082 724 2145 partiumz
741 2080 785 2145 qui
825 2087 853 2129 et
872 2086 1066 2129 excuterentur.
1099 2072 1208 2127 Namrb
1223 2082 1252 2125 ut
1271 2076 1361 2126 simill-

252 2170 304 2205 non
315 2172 346 2205 eo
357 2156 597 2217 committebantur,
610 2161 641 2205 ut
651 2168 685 2205 ex
696 2166 785 2204 eorum
826 2155 922 2205 tudinis
930 2162 979 2217 est,
985 2162 1015 2204 ut
1023 2153 1090 2203 bene
1096 2150 1237 2201 Salinsrins
1245 2150 1363 2201 animad-

253 2232 464 2282 altercationibus
494 2233 616 2296 princeps
647 2220 786 2279 imbiberet
826 2232 913 2281 vertit.
941 2230 1085 2279 Gronovius.
1144 2264 1147 2271 ψ
1321 2240 1324 2249 “
1348 2240 1351 2245 ·

253 2308 352 2373 aliquid
370 2309 473 2372 serium,
489 2314 536 2358 aut
551 2307 649 2357 faciens
660 2308 692 2356 ad
705 2308 785 2355 virtu·
859 2305 919 2356 Nou
937 2306 1005 2369 quusi
1020 2304 1176 2359 eruebantur3
1190 2300 1238 2351 sed
1250 2314 1314 2351 vere
1333 2306 1361 2353 et

253 2388 319 2444 tem3
335 2386 380 2434 sed
391 2388 483 2434 eontra
491 2397 524 2433 er
534 2382 618 2432 nimiis
627 2396 717 2432 eorum
724 2395 784 2431 con·
826 2384 893 2434 serio
909 2384 1067 2433 emebantur
1087 2380 1222 2432 discordie
1244 2379 1361 2444 philoso-

253 2460 411 2511 teutioaibus
423 2460 493 2510 lusus
504 2460 528 2509 ei
539 2459 658 2523 ususque
668 2458 786 2507 intende·
825 2459 968 2522 phsutinm,
989 2458 1062 2522 quasi
1081 2457 1213 2507 contraria
1228 2469 1362 2506 assevera-

253 2537 346 2587 batur:
364 2537 440 2587 ‘Nec
452 2537 560 2586 deerant
572 2536 616 2600 qui
628 2550 693 2586 voce
701 2534 786 2584 vultu·
826 2539 885 2583 rent
901 2534 939 2582 illi
955 2540 982 2582 et
995 2537 1152 2595 estmerent,
1167 2538 1199 2580 ut
1209 2531 1247 2580 sic
1259 2530 1362 2580 deride·

253 2623 304 2676 que
322 2612 392 2661 tristi
413 2613 482 2660 inter
503 2611 695 2661 oblectamenta
713 2610 786 2672 regia
825 2619 868 2662 ret
889 2611 1041 2676 sapientiam
1069 2611 1144 2659 simul
1172 2614 1200 2658 et
1222 2609 1363 2672 sapientia

253 2687 367 2752 spectari
378 2685 524 2750 cuperent.'
543 2685 576 2735 Tb
586 2691 659 2750 utque
670 2685 787 2736 similitu·
825 2687 956 2749 doctores,
970 2687 1159 2752 spernendiqne
1177 2684 1262 2734 locum
1281 2683 1363 2736 habe·

253 2761 452 2811 diuisestuota
486 2761 627 2811 &liseria
825 2769 868 2812 ret
879 2764 960 2812 Nero.
993 2761 1028 2810 Et
1045 2761 1201 2825 sapientium
1220 2761 1362 2812 discordie

285 2839 327 2889 Ex
345 2839 457 2904 utraque
476 2853 553 2888 causa
568 2838 657 2888 irrisus
676 2844 704 2887 et
723 2853 785 2888 sou·
825 2838 984 2888 eruebantur
995 2844 1025 2886 ut
1036 2850 1121 2900 vaure,
1137 2843 1165 2886 et
1176 2835 1245 2899 quari
1260 2836 1364 2886 illioru-

253 2919 350 2963 temtus
363 2914 578 2978 philosophorum,
596 2927 691 2976 nempe
709 2929 742 2962 ex
753 2917 785 2963 ed
824 2915 902 2963 traria
918 2917 1087 2974 asseverarent,
1104 2927 1163 2961 curu
1185 2923 1278 2960 revera
1299 2925 1364 2962 oon·

253 2988 322 3053 quod
333 2989 463 3039 contrariu
479 2995 670 3050 asseverarent,
679 2997 725 3039 sut
736 2989 786 3038 sal·
825 2991 955 3040 sentirent
965 2989 1016 3052 ipsi
1028 2989 1062 3037 de
1074 3001 1173 3038 summa
1193 2999 1290 3049 rernm,
1302 3001 1364 3052 quae

252 3072 305 3112 tem
317 3079 466 3114 asseverare
477 3065 576 3115 Neroni
586 3063 745 3124 viderentur,
756 3071 785 3114 et
825 3066 955 3128 sapientia
965 3070 1016 3127 est,
1033 3055 1111 3113 unum
1123 3061 1189 3125 regii
1208 3057 1308 3126 fastigii
1319 3077 1366 3131 cof

252 3139 332 3189 etiam
351 3154 386 3189 ex
406 3140 524 3189 eorultu
542 3136 684 3204 habituque
704 3138 785 3201 tristi,
825 3140 921 3191 lumen.

251 3215 784 3279 quemsupientesilliintempestiveprae-
856 3219 980 3278 vertunt,
999 3216 1073 3280 qstasi
1095 3215 1147 3264 illue
1170 3213 1363 3276 Philosophum

250 3285 379 3353 ferebant,
391 3298 482 3354 utpote
494 3291 666 3355 interepulus
679 3291 784 3355 juvenis
825 3293 889 3342 tium
913 3291 1051 3341 discordiae
1081 3290 1293 3353 dissolverentur,
1315 3303 1362 3340 es·

251 3362 420 3414 dominantis.
824 3369 1000 3433 plicarentur:
1019 3367 1089 3431 quod
1101 3365 1195 3414 fulsum
1205 3372 1278 3428 puto.
1311 3365 1364 3416 Po·

286 3441 375 3505 thue:
385 3442 473 3491 malim
481 3442 543 3491 nihil
552 3443 709 3493 hiematuri:
725 3457 784 3492 uum
825 3445 875 3494 tius
884 3453 918 3494 ex
927 3443 1086 3493 sermonibus
1096 3449 1123 3491 et
1135 3441 1362 3494 dissertationibus

251 3515 326 3577 illud,
352 3523 433 3581 utque,
460 3521 501 3580 aa.
530 3517 680 3581 emebantur,
704 3519 785 3568 habet
815 3520 969 3582 ,sapientum
989 3519 1093 3567 illorum
1114 3517 1314 3568 contrarietates
1334 3534 1363 3570 e·

251 3591 381 3656 quandum
394 3590 505 3654 ἔμφασιν,
519 3596 595 3656 quam
615 3592 642 3640 iu
660 3592 785 3642 uullaea·
824 3595 974 3658 tuebantur,
992 3609 1037 3643 seu
1056 3593 1255 3658 colligebantur,
1265 3600 1295 3644 ut
1306 3596 1363 3646 elu-
1433 3611 1439 3618 ’

251 3667 661 3731 rum,quassnbjiciuutlectioue
671 3667 784 3732 reperio.
826 3669 949 3720 detentor
962 3669 1206 3732 deriderenturqne.

250 3739 308 3790 Illae
323 3755 433 3806 numque
450 3740 604 3806 significant·
615 3741 784 3806 solummodo,
857 3747 925 3795 Nam
937 3753 965 3794 et
976 3751 1048 3794 certe
1057 3743 1137 3793 irrisit
1145 3744 1297 3808 sprevitque
1306 3743 1363 3808 phi·

250 3816 314 3882 quid
331 3814 421 3866 fieret:
440 3817 489 3866 hoc
500 3831 572 3878 vero,
589 3817 670 3866 etium
682 3833 785 3882 vanum,
824 3822 964 3886 losophiam
977 3828 1005 3870 et
1020 3821 1184 3883 philosophos
1197 3819 1282 3881 Nero,
1293 3826 1362 3872 teste

250 3890 400 3941 simulatum
420 3904 450 3939 ac
469 3889 586 3961 fucatum
605 3889 696 3955 fuisse,
714 3891 783 3956 qnod
823 3898 956 3959 Suetonio,
968 3905 997 3947 et
1008 3903 1037 3945 ut
1053 3904 1128 3959 patet
1146 3911 1181 3944 ex
1201 3896 1361 3958 ipso'l'acito

250 3967 339 4030 fiebat,
349 3968 441 4018 innuit.
822 3973 873 4023 hic.
913 3973 993 4022 Certe
1025 3973 1114 4022 tristes
1142 3985 1208 4020 voce
1233 3973 1360 4038 vultuque

283 4043 398 4096 Perinde
407 4059 516 4110 namque
524 4045 651 4111 est,quusi
662 4045 782 4096 dixisset}
823 4048 968 4113 philosophi
991 4047 1059 4096 iuter
1080 4046 1273 4096 oblectamenta
1283 4047 1361 4110 juve·

250 4126 274 4170 et
290 4121 358 4184 qumi
374 4120 529 4170 eruebantur:
547 4127 575 4170 et
586 4120 691 4170 volebat
710 4121 783 4171 Nero
823 4123 863 4172 nis
875 4122 997 4186 principis
1008 4123 1086 4171 risum
1097 4127 1258 4171 meruerunt.
1288 4123 1358 4172 Nurn

251 4195 783 4261 videriseidagere,ntvariaetdiversn
821 4193 982 4250 idmaxime
1002 4197 1224 4263 intempestivum,
1247 4210 1296 4248 nec
1318 4211 1358 4248 sa·
