2984 4850
234 405 322 470 1790
599 419 630 466 o.
653 417 834 468 continuit
857 417 990 469 usumi-
1172 426 1333 490 [A.U.8lb·

213 564 340 628 solon
377 561 636 627 incolumitatem
668 559 813 625 Neronis
844 566 1026 642 spectares
1048 562 1104 625 cui
1133 563 1247 627 caveri
1280 571 1334 628 ut·

234 679 376 745 cumque
395 663 440 727 ab
460 663 596 726 urbanis
619 661 754 726 insidiis
779 663 987 744 praesentia3¹
1016 663 1228 747 longinquosi
1257 683 1333 730 mo·

232 770 287 826 tus
312 779 457 846 quonam
484 762 584 826 modo
609 763 782 846 comprimi
806 763 932 846 posset
976 757 1122 828 Erectus
1138 763 1267 829 Galbae
1288 765 1334 832 ad

232 881 350 928 nornen
374 860 611 941 Dictatorium,
632 879 694 926 nec
718 862 828 925 minus
850 868 1063 945 suspectos²⁸
1077 863 1172 930 Asiae
1186 866 1334 949 populos

233 964 424 1030 claritudine
446 965 502 1028 ari
529 959 662 1028 Drusi.r
702 962 828 1047 Syllam
850 963 1003 1047 inopem3
1026 965 1113 1031 unde
1128 968 1334 1050 praecipuam

233 1059 424 1130 audaciam:
446 1070 480 1128 et
493 1065 716 1130 simulatorem
731 1065 907 1147 segnities
930 1065 1009 1130 dum
1023 1068 1201 1132 temeritati
1211 1067 1333 1140 ‚locum

232 1277 357 1387 principis
377 1278 482 1340 intueri,
500 1278 542 1327 cui
566 1277 667 1327 consuli
689 1291 720 1326 ao
742 1277 876 1340 provideri
906 1277 1070 1341 aliqumenus
1091 1282 1189 1340 posset,
1209 1277 1336 1329 adversos

244 1341 337 1391 modes
354 1341 435 1402 urbis,
450 1357 537 1394 eoram
547 1349 576 1392 et
588 1341 712 1404 prasenti
729 1341 863 1404 principe3
879 1344 921 1391 sed
940 1356 1049 1406 quanam
1068 1341 1167 1390 ratione
1184 1341 1336 1406 longinquas

232 1402 371 1454 discordias
382 1406 495 1455 cohiberi
507 1405 597 1470 possel
629 1405 736 1454 Excitas
748 1404 846 1453 Gallias
857 1405 891 1454 ad
908 1403 1004 1454 samam
1019 1405 1173 1464 Dictatotis,
1184 1419 1233 1454 nec
1250 1407 1335 1456 minus

231 1469 363 1531 ambiguas
380 1468 450 1520 Asia
469 1475 569 1532 gentes,
587 1469 621 1520 ob
640 1468 806 1518 nobilitatem
825 1470 866 1517 ari
884 1469 973 1519 litori.
1005 1469 1104 1532 Syllam
1123 1483 1265 1533 pauperem
1276 1485 1336 1533 erse,

231 1531 302 1586 surde
311 1533 423 1584 maxime
435 1534 582 1594 temeritas3
599 1532 759 1582 etinertlam
771 1531 898 1596 praeferre
913 1536 1002 1598 ipram
1013 1533 1074 1584 dum
1089 1534 1202 1583 audaciae
1221 1535 1335 1584 occasio-

692 1673 871 1696 omnum&

247 1774 275 1845 ‚¹
294 1770 338 1820 Ita
349 1770 518 1845 Puteolanus.
550 1772 582 1822 ln
594 1773 659 1822 Mss.
676 1773 752 1823 llari.
764 1772 841 1848 Bodl3
852 1773 908 1824 Jes.
927 1772 1009 1848 Fiam
1018 1773 1083 1836 Reg.
1103 1778 1130 1821 et
1139 1772 1255 1821 editione
1267 1772 1337 1848 prin3

230 1847 298 1948 titt:
314 1835 1336 1965 drittunitlliiitttttiilrititititutatitii

714 2029 741 2079 N
771 2029 828 2079 ΤΕ

216 2155 218 2162 ,
230 2109 321 2162 luisset
331 2114 447 2166 Borrine
456 2115 529 2164 cade
539 2115 664 2174 nobilium
673 2029 769 2181 pollui)
800 2117 852 2168 iste
859 2117 983 2183 Plautus.

149 2243 152 2250 ,
231 2192 260 2235 et
280 2187 366 2238 obiter
384 2191 535 2254 perstringit
555 2192 651 2240 Bnrrhi
672 2190 761 2255 iidem,
831 2193 963 2258 ‘Syll-a,
978 2196 1021 2256 tc·
1037 2192 1198 2242 mm*
1211 2191 1336 2257 W]

231 2261 276 2326 qni
290 2261 360 2312 forte
378 2271 520 2327 propterea
537 2265 627 2315 iisdem
646 2267 761 2316 consiliis
800 2267 879 2331 Saepe
889 2268 927 2316 sic
942 2267 1040 2328 evenit,
1058 2273 1089 2316 ut
1107 2266 1151 2331 qul
1161 2267 1337 2316 morimeam-

230 2338 346 2388 sublatus
358 2346 429 2389 erat:
443 2341 480 2390 sle
491 2341 564 2406 quasi
575 2355 635 2406 spes
643 2343 761 2408 proprias
800 2342 898 2406 bitiosi,
914 2343 1085 2407 cupiditatem
1100 2342 1239 2392 occultent.
1272 2343 1335 2394 Pni-

229 2414 382 2479 respiceret,
392 2430 443 2466 non
451 2433 522 2481 spem
531 2425 559 2469 et
568 2419 677 2469 salutem
685 2417 760 2470 unius
800 2419 862 2469 obre
881 2428 910 2469 et
929 2419 963 2468 ad
982 2418 1067 2469 Taciti
1077 2418 1168 2469 ¹lucem
1189 2417 1290 2467 Seneca
1307 2416 1334 2467 in

229 2490 352 2553 Neronia,
364 2498 395 2542 ut
405 2492 555 2556 Tigellinus.
799 2496 911 2561 OEdipo:
928 2497 936 2524 ‘
948 2495 1097 2545 Certissima
1108 2502 1149 2543 est
1164 2506 1273 2559 regnare
1291 2507 1334 2540 es·

261 2568 378 2617 Dicerem
392 2583 451 2632 spes,
467 2583 561 2633 nempe
571 2585 586 2619 a
597 2562 761 2634 salute'prin·
799 2572 883 2635 pienti
894 2570 948 2632 via,
964 2569 1082 2619 Laudare
1093 2568 1203 2630 modica,
1213 2573 1241 2616 et
1251 2567 1332 2616 otium

229 2640 305 2705 cipis,
322 2643 354 2691 ad
367 2658 443 2706 quam
461 2659 536 2693 unam
555 2645 709 2696 advertebat
717 2648 760 2695 'l'i-
799 2661 830 2695 ac
841 2660 959 2695 somnum
975 2644 1061 2710 ioqui:
1079 2643 1122 2693 Ab
1132 2644 1248 2707 inquieto
1261 2656 1331 2707 sepe

229 2716 338 2780 geilinus
355 2717 566 2784 invigilabatque,
578 2727 623 2770 aut
633 2722 671 2771 sic
680 2721 760 2787 finge·
798 2720 921 2769 laudatur
932 2718 1021 2785 quies!
1052 2718 1156 2781 lipsiae.

229 2791 287 2841 bat:
305 2806 363 2841 nam
375 2805 467 2841 revera
476 2790 584 2857 flagitiis
596 2796 658 2859 suis,
668 2804 695 2847 et
707 2811 760 2846 ms·
830 2796 875 2847 Sic
886 2797 951 2847 Tac.
963 2796 1022 2845 bist.
1034 2796 1051 2843 l.
1063 2808 1101 2844 rr.
1114 2810 1137 2845 c.
1159 2794 1206 2844 uit.
1227 2793 1261 2844 ds
1278 2795 1323 2845 Do

227 2864 260 2915 lis
271 2866 384 2916 consiliis
395 2866 562 2918 subvertebat
573 2870 725 2935 principem.
798 2872 921 2923 mitiano:
938 2872 1008 2923 ‘Qui
1029 2870 1204 2935 simplicitatis
1226 2884 1257 2918 ac
1279 2884 1332 2921 mo·

259 2940 439 3001 “Proeaertim
463 2942 610 3007 lorgiuquos]
653 2948 760 2997 Floren-
798 2949 891 2998 destioe
902 2949 1011 3011 imagine
1028 2949 1055 2996 in
1071 2945 1234 2996 altitudinem
1245 2945 1333 2995 eondi-

227 3019 283 3069 tino
304 3018 355 3080 e'st,
374 3020 543 3083 presentiae.-
570 3038 603 3071 ex
626 3038 678 3088 qno
705 3026 760 3087 alii,
799 3031 850 3086 tus,
860 3023 1026 3089 studiumque
1036 3022 1167 3071 literarum
1177 3027 1205 3070 et
1216 3032 1333 3071 amarent

225 3097 391 3159 peruaderet
407 3112 466 3161 ego,
481 3100 593 3162 praemii
614 3115 684 3163 opero
705 3102 759 3149 vei·
798 3100 938 3149 carminum
955 3100 1085 3160 simulans,
1102 3110 1153 3160 quo
1163 3096 1263 3144 velaret
1280 3095 1333 3144 ani-

227 3175 289 3235 lem,
298 3174 319 3221 si
331 3180 416 3223 tarneu
427 3175 531 3236 vulgata
542 3177 673 3225 mutanda.
689 3177 758 3239 Lips.
797 3182 907 3227 muniet
921 3174 1011 3224 fratris
1030 3172 1187 3222 aemulationi
1204 3171 1332 3222 subduce-

242 3248 405 3311 ‘Proeaentiu]
423 3250 465 3297 lle
475 3249 608 3315 utriusque
619 3252 759 3314 praeseutia
797 3258 886 3312 retnr3
904 3251 975 3314 cnjus
997 3249 1126 3311 disparem
1147 3248 1330 3313 mitioremque

227 3322 381 3373 indistincte
398 3325 463 3373 sumi
482 3327 575 3388 possit,
594 3327 628 3377 de
645 3326 758 3377 ministri
798 3323 1269 3388 naturamcontrainterpretabatnr.'

227 3399 424 3463 vigilantissimi,
449 3400 575 3465 Tigellini
600 3416 704 3465 nempe,
729 3407 758 3451 et
829 3400 1129 3463 Simuiotcremsegaitioe]
1161 3400 1203 3449 Sic
1223 3399 1258 3448 de
1281 3398 1330 3449 boc

226 3473 307 3538 ipsius
319 3474 451 3537 principis.
797 3480 855 3542 ipso
865 3479 937 3541 Sylla
947 3478 964 3527 i.
976 3490 1040 3526 1111.
1057 3476 1249 3540 ‘suspectabat
1260 3490 1333 3525 mar·

260 3550 559 3616 ‘Necminuaurspeetod
590 3550 691 3616 Scribo,
706 3568 757 3602 uts-
797 3555 847 3603 ime
867 3554 1013 3605 Cornelium
1035 3552 1238 3615 Syllam,socors
1260 3552 1332 3613 ioge-

225 3640 314 3691 persua
332 3626 441 3689 Lipsius.
469 3626 716 3692 autumatione
729 3635 758 3678 ct
796 3630 867 3679 nium
879 3630 936 3693 ejus
947 3628 974 3677 in
986 3628 1144 3677 contrarium
1157 3626 1269 3689 trahens,
1278 3626 1330 3675 eal·

226 3704 331 3767 apsari
346 3710 414 3752 sunt.
447 3702 692 3761 Discrimeutamen
709 3710 759 3769 ert,
797 3706 927 3770 iidomque
950 3713 977 3753 et
1000 3701 1176 3753 simulatorem
1201 3702 1331 3765 interpre-

226 3778 311 3843 niique
322 3779 473 3829 mutandum
486 3794 627 3831 censemus.
797 3779 894 3830 tando?

259 3851 331 3903 iAoi
341 3854 428 3921 Drrur]
452 3856 554 3905 Revera
564 3856 672 3920 Drusus,
681 3854 757 3905 Tibe·
829 3856 962 3921 Segouia]
993 3854 1267 3906 luvetuserlnuxum
1275 3856 1330 3906 Ne-

226 3930 260 3980 rii
280 3930 359 3995 iilius,
378 3946 441 3980 avus
461 3932 548 3981 Plauti
570 3930 632 3982 suit:
658 3932 755 3998 quippe
796 3934 861 3995 roni,
885 3934 983 3997 Syllam
1006 3938 1180 3983 veteratorem
1208 3945 1276 3995 esse,
1301 3938 1331 3982 et

228 4007 330 4072 genitus
347 4008 579 4064 Plautusexsniia
594 4009 648 4057 iiiia
666 4009 756 4071 Drusi,
796 4006 921 4073 praeferre
942 4008 1086 4058 socordiam
1108 4008 1135 4057 in
1156 4008 1280 4071 speciem,
1298 4012 1328 4057 nt

148 4108 151 4114 ’
227 4098 285 4147 qum
297 4085 358 4133 oiim
373 4093 454 4149 nupta
472 4086 571 4134 Neroni
581 4085 756 4136 vetustissimo
795 4099 841 4135 suo
853 4092 971 4150 tempore
981 4083 1095 4149 saberet,
1111 4090 1326 4149 erumperetque3

227 4157 365 4209 liberorum
383 4160 542 4223 Germanici,
558 4176 617 4210 mox
630 4160 756 4225 denupse-
795 4176 852 4211 curu
873 4168 1067 4214 lamentavere
1085 4178 1172 4215 socors
1189 4162 1325 4227 segnisque

226 4241 269 4283 rat
278 4234 310 4285 'in
324 4233 431 4319 ⁸domum
449 4235 561 4289 Rubellii
572 4236 674 4304 Blandi,
685 4237 754 4289 uude
794 4237 891 4305 ingenii
900 4247 979 4289 esset.
