2984 4850
149 394 289 460 acea]
493 384 700 438 nansururt
725 384 799 437 urs.
823 382 888 437 xv.
1163 372 1250 439 19ae

147 530 434 621 Epaphroditum}
445 524 525 595 mox
540 532 584 595 ab
596 550 637 595 oo
651 530 696 595 ad
706 529 909 606 Neronem,‘
924 548 1044 613 urgens
1053 528 1249 613 periculum,

150 644 283 720 graves¹
306 632 599 717 o'onjurationes,''¹
623 637 656 695 et
675 640 798 708 cetera,
824 650 901 715 quae
917 631 1068 695 audierat
1081 634 1249 716 conjecta-

149 743 319 821 veratque,
349 736 457 799 docet
510 735 628 798 Telum
651 754 783 817 quoque
804 735 838 797 in
858 752 972 797 necem
995 732 1069 814 ejus
1095 739 1249 814 paratum

149 838 306 915 ostendit,
331 836 499 918 accirique
521 853 611 897 reum
632 833 747 917 jussit.
792 834 829 897 Is
850 840 967 916 raptus
994 852 1053 917 per
1074 834 1195 896 milites
1216 839 1250 897 et

149 938 374 1003 defensionem
390 956 498 1013 orsus,
514 939 525 969 ‘
539 928 688 1011 Ferrum,
703 935 800 1018 cujus
814 942 1009 1016 argueretur,
1024 934 1103 997 olim
1117 935 1250 1015 religio-

148 1056 194 1100 ne
219 1038 330 1121 patria
352 1037 487 1111 cultrum,
511 1040 544 1098 et
565 1036 600 1097 iu
614 1033 772 1098 cubiculo
797 1035 947 1098 habitum
962 1054 1002 1098 ac
1015 1034 1129 1098 fraude
1142 1034 1250 1099 liberti

150 1135 367 1219 subreptum,'
390 1134 571 1218 respondit.
617 1133 795 1198 ‘Tabulas
818 1135 1006 1199 testamenti
1026 1138 1150 1218 sapius
1166 1154 1249 1214 ase,

149 1244 186 1301 et
199 1238 403 1301 incustodita
416 1237 541 1299 dierum
558 1236 801 1313 observatione,
824 1235 985 1317 signatas.
1029 1236 1198 1300 Pecuniae
1218 1242 1251 1299 et

148 1338 322 1403 libertates
337 1339 443 1402 servis
457 1342 492 1402 et
512 1343 589 1401 ante
604 1338 694 1401 dono
717 1336 826 1413 datas,
851 1336 911 1401 sed
933 1337 1009 1401 ideo
1022 1342 1099 1401 tunc
1114 1337 1250 1419 largius,

150 1440 346 1522 quia,‘tenni
363 1438 437 1521 Jam
455 1458 491 1502 re
511 1437 669 1502 familiari
682 1444 716 1502 et
728 1440 930 1503 instantibus
944 1438 1172 1515 creditoribus,
1186 1442 1252 1501 tes·

56 1562 59 1567 ·
148 1545 321 1605 tamento'
345 1539 514 1603 diffideret
569 1537 746 1602 Fmimvero
770 1538 949 1601 liberales*
979 1556 1109 1621 semper
1131 1538 1251 1621 epulas

150 1640 315 1705 struxisse
329 1645 363 1703 et
376 1640 482 1703 vitam
493 1656 661 1702 amoenam
675 1644 709 1701 et
722 1636 816 1700 duris
834 1637 1007 1720 judicibus
1032 1657 1152 1722 parum
1174 1658 1251 1722 pro·

149 1740 277 1803 batam.
327 1739 492 1804 Fomenta
515 1739 707 1804 vulneribus
737 1738 830 1803 nulla
847 1738 949 1821 jussu
970 1757 1044 1816 suo,
1077 1739 1148 1817 sed,
1172 1741 1253 1823 quia

145 1922 294 1985 pasalan,
311 1921 413 1971 Nm
422 1921 542 1981 libatas,
559 1919 614 1969 deis
624 1918 709 1968 liberto
725 1918 757 1967 ad
776 1918 904 1979 Nerones,
922 1914 1009 1978 desert,
1025 1915 1147 1979 ingruere
1164 1916 1254 1966 ‹liseri-

149 2000 221 2048 men‚
239 1992 342 2036 atroces
352 1986 553 2048 conjurationes,
570 1984 655 2033 stalis
663 1982 752 2042 onata,
771 1985 952 2044 quoesceeperat
969 1980 1149 2043 spemque.
1183 1980 1254 2030 dlas-

147 2045 972 2175 atrsoitetiasrffienimdeuqiaadaeiutammsrsirique
986 2042 1196 2105 &sinam
1227 2044 1255 2093 la

150 2118 245 2162 tractas
260 2128 275 2162 s
426 2113 548 2162 adilane
558 2112 647 2160 emm
661 2124 796 2172 warns,
812 2108 941 2171 respondit,
957 2108 1056 2169 Telum,
1067 2108 1141 2171 eujus
1151 2120 1257 2158 aeonae

148 2183 232 2239 retur,
250 2178 313 2226 olim
332 2177 401 2226 avita
417 2176 565 2226 commonia
583 2189 694 2236 sacrum,
712 2179 741 2222 et
757 2173 784 2221 in
804 2173 926 2221 cubiculo
940 2178 1084 2232 servatum,
1103 2186 1134 2221 ae
1154 2172 1254 2221 scelere

150 2240 241 2290 liberti
251 2241 380 2292 sublatum
391 2240 479 2300 falsat.
510 2240 651 2301 Supremas
663 2237 766 2287 tabulas
779 2250 850 2299 saepe
868 2250 895 2284 se
908 2236 1067 2299 obsignasse,
1084 2236 1155 2285 nulla
1165 2235 1255 2285 habita

150 2304 253 2354 ratione
262 2305 325 2366 diei,
334 2305 372 2354 nel
381 2305 501 2367 temporis.
535 2304 619 2366 Opes,
627 2301 828 2364 libertatemque
843 2314 868 2348 se
878 2299 1012 2362 mancipiis
1023 2308 1051 2347 et
1063 2306 1141 2349 antea
1152 2299 1257 2348 tribuis·

150 2382 199 2428 se3
217 2368 262 2418 sed
272 2369 332 2418 ideo
341 2375 403 2417 tone
412 2367 553 2429 liberalius,
564 2366 625 2432 qnia
635 2365 743 2415 modieis
753 2365 810 2428 jam
821 2362 985 2412 securitatibus
1003 2363 1063 2426 suis,
1074 2370 1102 2412 et
1113 2362 1259 2426 ingruenti·

148 2433 200 2481 bus
218 2433 400 2494 creditoribus,
417 2432 550 2481 metuebat
567 2445 601 2480 ne
616 2431 765 2479 testamenti
784 2429 879 2477 tabulae
897 2428 976 2477 irritae
997 2426 1091 2477 forent.
1124 2427 1210 2475 Etiam
1227 2433 1256 2475 et

150 2495 289 2546 affluentes
300 2511 403 2560 semper
415 2497 505 2561 epulas
516 2494 663 2546 oelebraese
679 2507 714 2554 ae,
725 2506 756 2540 ae
767 2492 847 2540 vitam
858 2492 945 2540 letam
956 2491 1060 2550 elwine,
1072 2496 1099 2538 et
1110 2504 1186 2554 quam
1197 2501 1256 2552 per·

148 2561 363 2611 severieensores
373 2575 425 2610 non
435 2560 499 2610 satis
507 2557 691 2622 approbarent.
709 2557 864 2620 ligamenta
872 2554 944 2603 nulls
953 2554 1102 2604 vulneribus
1110 2553 1256 2619 mandasse,
1344 2587 1347 2594 ,

612 2687 774 2709 ΜΙΝΙΙΝ
777 2687 791 2706 Ι

185 2780 199 2824 l
212 2775 264 2824 Ma.
275 2774 352 2825 sodi.
360 2788 498 2838 panesque
532 2773 583 2822 bis.
592 2771 663 2821 mor.
674 2770 866 2831 mamam-t
876 2771 954 2820 Forte
964 2769 1073 2832 excidit,
1083 2785 1108 2820 ae
1114 2786 1123 2828 ,·
1134 2776 1162 2820 et
1173 2768 1257 2834 scrip·

151 2847 208 2889 tum
219 2840 289 2902 olim,
306 2839 413 2888 dbmles
422 2854 447 2888 ae
457 2852 547 2901 semper
562 2838 643 2900 epatu
650 2835 785 2893 maium·
801 2835 874 2883 obem
885 2849 1007 2898 smenon,
1024 2839 1049 2882 et
1059 2836 1126 2883 duria
1136 2835 1258 2894 judicibus

146 2918 235 2966 param
242 2903 375 2968 probaton.
403 2904 470 2952 Nam
478 2903 504 2950 in
513 2901 564 2953 ets.
575 2901 655 2951 corb.
667 2904 695 2948 et
705 2898 820 2948 editione
832 2899 961 2964 principe,
972 2912 1020 2962 pro
1030 2902 1054 2946 et
1064 2899 1139 2947 υἰὲαηι
1150 2897 1255 2961 legitur,

653 3035 761 3087 ΝΟΜ

184 3147 411 3213 ‘Embrodbul
428 3147 481 3200 Qni
491 3162 506 3197 a
516 3145 610 3196 libellis
625 3144 686 3208 fuit,
757 3151 769 3177 ¹
788 3143 980 3207 caparasima]
996 3141 1072 3192 Anno
1084 3148 1108 3193 1.
1124 3141 1260 3208 Olympia·

151 3224 186 3273 de
197 3238 249 3290 quo
266 3224 374 3274 Sueten.
385 3223 485 3273 Neron.
502 3224 578 3271 cdl).
595 3221 685 3269 etDo·
726 3217 766 3270 dis
777 3225 835 3271 211.
859 3222 947 3270 liomae
957 3220 1068 3271 condita
1079 3224 1137 3271 818.
1161 3219 1259 3270 Christi

150 3299 245 3350 mite.
262 3304 303 3349 li.
335 3300 440 3348 Eatille
456 3299 522 3361 ipse,
537 3295 684 3346 euinobilis
725 3297 828 3347 natiso.
861 3296 929 3346 Vide
938 3302 1012 3346 notas
1024 3312 1048 3347 c.
1058 3299 1101 3346 ta.
1120 3297 1242 3347 lillesssa.

150 3391 242 3426 servus
257 3370 395 3440 Epictetus
405 3375 466 3427 fuit.
496 3371 685 3424 suidasetar·
757 3371 939 3434 'Tmmmd
951 3371 1027 3424 Quod
1039 3377 1143 3436 spectat
1152 3373 1186 3423 ad
1194 3387 1258 3436 opes

151 3451 250 3502 rianns.
267 3451 374 3516 lipsiae.
527 3459 533 3470 '
724 3449 837 3511 legatas,
855 3447 957 3497 irritum
975 3446 1046 3497 foret
1065 3454 1259 3512 tastamentum,

185 3525 389 3589 apophasim]
425 3525 476 3578 Qui
492 3525 564 3588 juvit
582 3530 686 3574 mannm
726 3527 757 3571 ut
777 3529 857 3584 put03
874 3521 943 3571 idem
954 3527 983 3571 et
1001 3521 1036 3571 de
1053 3521 1144 3587 servis,
1164 3523 1258 3588 quibus

151 3600 278 3664 Neronis,
293 3615 364 3663 eum,
381 3616 429 3664 pro
440 3601 520 3650 insita
530 3601 643 3664 ignavia,
653 3601 687 3649 si·
725 3597 833 3646 libertas
853 3598 1002 3659 legaretnr5
1019 3609 1079 3646 nam
1097 3596 1125 3646 hi
1144 3598 1212 3648 servi
1231 3598 1259 3647 in

150 3675 181 3724 bi
192 3675 336 3726 occidendo
347 3691 398 3726 non
409 3676 557 3728 sufficeret:
571 3679 614 3742 qni
627 3677 687 3726 dein
726 3672 800 3722 bonis
815 3673 1004 3721 censebantnrz
1020 3685 1070 3722 nec
1090 3677 1179 3736 potest
1196 3672 1259 3721 dare

151 3752 266 3802 emnium
293 3752 496 3805 dominationum
524 3755 688 3817 sequentium
727 3747 854 3812 quispiam
876 3752 1034 3796 testamento
1057 3747 1125 3811 quod
1147 3747 1260 3797 alienum
1308 3789 1313 3798 ,

151 3827 386 3892 libertus,tialbae,
404 3829 525 3892 Otbouis,
534 3829 644 3891 Vitellii,
660 3837 688 3879 et
727 3829 777 3873 est.
809 3823 924 3886 Ideoque
936 3828 997 3871 ante
1011 3834 1143 3886 supremas
1160 3821 1260 3871 tabulas

150 3903 231 3952 tdnm
256 3904 354 3954 Flaviae
376 3906 460 3968 gentis
482 3905 639 3969 principum,
659 3911 688 3956 et
727 3912 773 3948 eos
782 3897 990 3961 manumittebat,
1001 3903 1030 3947 ut
1041 3903 1158 3961 tempore
1169 3897 1260 3948 mortis

149 3978 208 4041 jam
227 3980 295 4030 ania
312 3981 475 4045 veterrimus,
493 3981 593 4031 aecum
610 3987 652 4031 at
671 3995 688 4031 ι
727 3988 780 4023 non
796 3979 884 4022 essent
900 3973 938 4023 illi
957 3973 984 4022 iu
1000 3974 1079 4037 ipsius
1091 3973 1260 4037 possessione.

152 4053 315 4118 Domitiano,
342 4061 373 4106 nt
394 4056 448 4121 qni,
469 4057 539 4106 maio
559 4057 689 4120 exempto,
728 4049 863 4099 Namtum
878 4061 943 4112 opes
961 4054 990 4098 et
1006 4048 1075 4098 servi
1092 4047 1130 4096 illi
1147 4047 1261 4098 credito·

152 4128 197 4177 vel
207 4129 341 4179 Neronem
359 4131 447 4197 perire
461 4132 593 4184 volentem
606 4131 688 4197 juvis-
727 4137 786 4176 tum
796 4129 902 4184 essem
920 4122 1031 4188 ideoque
1047 4136 1100 4172 non
1112 4121 1158 4172 abs
1168 4136 1261 4172 reme·

151 4207 202 4254 set.
219 4203 328 4256 Sueten.
729 4201 870 4269 tuebat‚as
879 4205 1064 4256 testamentum
1071 4199 1174 4254 irritum
1181 4199 1262 4267 toret,
