2984 4850
137 420 164 470 J.
178 416 273 481 nna]
315 426 316 433 ¹
491 414 697 463 anuluruu
722 414 795 462 iss.
819 415 900 463 xvr.
1155 396 1244 461 2109

138 556 216 637 gula
237 557 469 640 increpantem,
494 574 594 637 quam
617 575 703 619 nunc
730 557 896 621 silentium
922 557 1117 639 perferrent‘
1130 555 1243 634 omnia

140 657 341 725 damnantia.
386 658 510 721 Pacem
534 658 581 721 illi
603 678 664 740 per
686 658 800 727 orbem
813 664 920 736 terrae,
937 660 1149 722 anvictorias
1173 658 1245 720 sine

143 752 509 833 damuo‘exercituum,
525 757 726 840 displiceret
772 758 829 822 Ne
850 760 1029 836 hominem,
1049 759 1144 822 bouis
1159 758 1243 839 pub·

141 857 216 920 licis
230 859 413 935 moestum,⁶
421 865 454 923 et
468 860 526 942 qui
536 859 619 936 fora,
634 858 774 936 theatra,
785 859 908 942 templa
922 878 982 941 pro
995 856 1173 922 solitudine
1184 858 1243 921 ba·

142 957 243 1035 beret,
259 960 315 1042 qui
329 961 531 1023 minitaretur
545 960 685 1021 exilium
701 977 808 1035 suum,
821 960 1014 1023 ambitionis
1026 974 1143 1041 pravae
1154 978 1244 1022 com·
1332 984 1334 987 ’

143 1064 256 1139 potem
271 1059 423 1123 tacerent.
468 1059 548 1123 Non
571 1060 619 1122 illi
644 1061 798 1125 consulta
820 1062 919 1137 haec,g
938 1080 1005 1123 uon
1029 1059 1245 1141 Magistratus
1310 1096 1314 1099 ·

142 1165 200 1222 aut
214 1158 402 1223 Romanam
416 1162 531 1224 urbem
546 1158 662 1225 videri.
706 1159 927 1245 Abmtnperet
942 1164 1046 1226 vitam
1068 1161 1112 1223 ab
1134 1178 1176 1223 ea
1198 1160 1245 1233 ci·

143 1260 258 1337 vitate,
273 1262 368 1343 cuijus
383 1262 553 1325 caritatem
567 1261 659 1336 olim,
674 1268 803 1325 nuncet
818 1267 989 1345 aspectum
1003 1257 1174 1325 exuisset?

185 1360 239 1425 29.
263 1360 345 1425 Cum
361 1360 507 1443 perhaec
523 1366 621 1443 atque
646 1362 726 1425 tatia
751 1362 943 1440 Marcellus,
966 1367 1003 1425 ut
1022 1367 1107 1425 erat¹
1132 1367 1246 1424 torvus
1311 1406 1314 1413 .

145 1464 179 1524 et
192 1459 317 1544 minax,
334 1480 428 1541 voce,
443 1463 549 1539 uultu,
573 1464 679 1527 oculis
703 1463 907 1529 ardesceret:
930 1482 997 1527 non
1019 1463 1079 1526 illa
1099 1458 1192 1524 irritah
1214 1468 1248 1526 et

145 1659 267 1717 cuperet;
284 1654 406 1705 libentius
422 1658 579 1707 toleraturos
598 1672 639 1707 res
654 1657 767 1721 singular
785 1659 965 1719 incusantem,
975 1672 1052 1721 quiam
1062 1671 1130 1706 nuuc
1146 1655 1249 1706 ferrent
1298 1665 1301 1678 '

146 1718 351 1767 taciturnitatem
362 1721 444 1783 ipsius,
456 1728 551 1769 ruuma
561 1722 768 1771 condemnantis.
800 1724 841 1771 Au
852 1736 944 1783 paoem
954 1723 993 1769 illi
1007 1728 1062 1768 toto
1074 1721 1183 1783 imperio
1194 1716 1247 1768 oml

144 1781 271 1845 uibusque
291 1784 376 1843 terris,
394 1798 426 1831 an
442 1785 563 1833 victorias
581 1786 636 1833 sine
657 1784 749 1833 damno
760 1786 892 1848 legionum
909 1785 1023 1846 ingratas
1039 1784 1111 1833 esse?
1128 1782 1171 1833 Ne
1181 1784 1250 1831 mala

146 1857 192 1893 sua
204 1844 343 1894 ambitione
354 1844 406 1895 frui
417 1847 534 1896 sinerent
544 1848 667 1909 bemineru,
678 1846 784 1909 publica
795 1846 920 1897 felicitate
932 1855 1062 1907 moestum,
1077 1852 1105 1894 et
1122 1846 1165 1908 qui
1183 1846 1249 1893 basi·

145 1909 217 1969 licus,
237 1909 347 1970 theatra,
362 1914 432 1973 utque
452 1911 567 1973 delubra,
579 1918 701 1975 tanquam
712 1911 877 1960 solitudinem
895 1918 1039 1973 reputaret,
1058 1910 1100 1973 qui
1120 1917 1147 1957 et
1170 1908 1250 1957 mina·

147 1980 220 2021 retur
236 1987 261 2021 se
279 1972 421 2037 cbfitturpm,
438 1980 461 2023 st
477 1976 503 2023 in
522 1975 627 2023 exilium
642 1976 724 2037 mund
734 1974 791 2023 urbs
802 1982 825 2023 et
835 1974 1055 2023 mumacbitunrm.
1087 1972 1147 2021 Non
1158 1972 1196 2020 illi
1207 1971 1252 2019 de-

147 2042 220 2085 creta
237 2036 294 2085 liaeo
311 2042 419 2099 patrum,
437 2053 488 2087 uon
505 2040 681 2102 magistratus,
700 2045 747 2088 aut
768 2040 908 2088 Romanam
929 2038 1061 2086 civitatem
1079 2036 1172 2085 videri.
1204 2037 1250 2084 Se·

147 2100 399 2213 pararepyitnmtab
419 2116 450 2150 ea
471 2102 551 2167 Urbe,
572 2104 647 2166 eujus
666 2116 780 2152 amorem
799 2103 908 2166 pridem,
925 2102 985 2150 udus
1000 2115 1068 2149 nnnc
1084 2106 1112 2149 et
1128 2113 1251 2163 conspec-

160 2178 201 2210 um
213 2176 241 2211 re
252 2178 347 2227 rqursre
362 2199 369 2213 .

182 2228 241 2275 Cum
250 2228 299 2275 lure
308 2231 331 2275 et
338 2228 426 2287 similia
437 2228 574 2293 Marcellus,
586 2234 614 2278 ut
625 2233 677 2278 erat
686 2232 759 2278 atrox
769 2234 793 2277 ei
804 2212 1101 2288 commentantem,
1113 2232 1137 2275 et
1142 2226 1253 2287 flagras·

150 2288 501 2355 tilmocatispronnntiare13
518 2308 564 2341 nou
579 2294 635 2357 jam
647 2294 691 2341 illc
711 2298 830 2356 casaperta
845 2299 868 2343 st
881 2292 1046 2356 frementibus
1056 2291 1168 2354 periculis
1183 2289 1252 2337 solitu

610 2410 791 2440 nemnem

150 2519 262 2563 censeret.
297 2515 433 2578 Recepere
458 2516 519 2578 Bip.
549 2515 656 2578 Sequor.
692 2514 846 2564 Obortis-5
866 2515 974 2563 Frustra
990 2516 1077 2563 lentat
1096 2507 1253 2576 Gronovius,

149 2583 177 2626 ut
189 2576 311 2640 Principis
320 2579 487 2627 obtrectatores
494 2583 638 2642 protegeret.
661 2579 835 2638 ¹Erotium-»ti
853 2580 904 2626 Ms.
915 2579 992 2627 Corb.
1003 2577 1124 2635 infestam.

184 2645 196 2688 l
215 2641 258 2688 Sic
277 2643 375 2702 optime
392 2642 515 2702 Picbena,
535 2657 567 2690 ex
587 2643 638 2691 Ma.
656 2643 725 2690 Flor.
742 2642 769 2689 in
787 2656 837 2705 quo
858 2642 989 2701 mendose,
1007 2647 1034 2689 at
1050 2647 1109 2689 eret.
1143 2640 1175 2688 In
1188 2639 1254 2690 Mas.

150 2702 219 2766 Reg.
233 2703 309 2752 Corb.
321 2704 386 2768 Agr.
400 2705 487 2755 Guelf.
497 2713 525 2755 et
534 2705 648 2755 editione
660 2705 792 2768 principe,
807 2707 920 2754 aaran.
953 2707 1018 2754 Mra
1032 2705 1103 2752 Harl.
1113 2704 1187 2753 Bodl.
1199 2704 1253 2754 des.

151 2773 179 2815 et
192 2766 360 2825 Puteolanus,
377 2769 532 2818 inveberetur.
558 2769 673 2818 Brot'ter.
706 2770 758 2818 Ms.
771 2769 840 2817 Bud.
854 2767 943 2818 babuit
962 2774 1074 2829 emeat,
1089 2768 1256 2832 quodvergit

154 2831 186 2878 ad
205 2831 341 2880 lectionem
351 2833 419 2880 Flor.
432 2834 528 2882 Errant.
551 2833 656 2896 Bipout.
670 2847 793 2896 recepere
803 2837 915 2894 meret,
928 2838 956 2880 et
967 2840 1071 2882 sumunt
1091 2832 1257 2882 intransitive

150 2908 198 2957 pro
209 2895 376 2943 uertereturin
388 2897 486 2960 spectem
504 2897 566 2944 torri
577 2901 626 2946 &a
661 2897 727 2945 Mihi
747 2896 774 2944 id
793 2896 869 2945 nimis
882 2895 974 2944 durrrm
988 2897 1099 2954 videtur,
1117 2895 1255 2958 potiorque

83 3015 86 3020 .
151 2958 298 3007 emendatio
310 2959 440 3010 Pichenae.
474 2959 517 3009 Sic
529 2968 617 3010 noster
628 2961 707 3010 etiam
718 2962 737 3010 l.
749 2973 806 3008 xm.
819 2960 826 2986 ‘
838 2966 866 3007 ut·
878 2966 936 3007 erat
947 2973 1037 3006 recens
1053 2959 1143 3005 dolore
1154 2964 1181 3006 et
1198 2957 1255 3006 iras'

647 3109 756 3162 NOTAE

186 3237 292 3294 ‘Quum
315 3254 377 3287 nanc
396 3238 516 3288 silentium
541 3238 683 3301 perferrent]
757 3239 972 3300 remmam]
1003 3240 1063 3288 Nou
1083 3237 1166 3287 videri
1183 3253 1256 3289 seua·

153 3313 195 3361 Eu
214 3313 389 3362 calumniam!
417 3313 466 3362 riri
495 3313 554 3362 boui
582 3314 685 3363 silentio
725 3316 885 3366 tuscousulta
911 3317 976 3375 haec,
1002 3329 1053 3364 nou
1081 3315 1257 3378 magistratus,

137 3387 233 3435 =etiam
245 3387 313 3450 apud
323 3389 470 3450 Tyrannum
481 3393 597 3449 peccant.
615 3387 685 3436 Audi
724 3407 776 3440 nou
785 3399 912 3451 senatum,
921 3399 965 3441 aut
975 3398 1070 3453 patres.
1094 3391 1151 3439 Nec
1162 3389 1207 3440 abs
1219 3406 1256 3443 re.

151 3461 199 3510 illa
210 3461 278 3524 apud
297 3462 431 3522 Senecam,
452 3461 540 3524 OEdip.
558 3463 612 3511 CR.
623 3464 630 3488 ‘
640 3463 687 3512 Ta·
726 3468 787 3517 Non
798 3467 868 3516 enim
878 3466 921 3516 trie
931 3474 1044 3522 senatus,
1055 3479 1105 3513 nou
1115 3466 1194 3527 leger,
1205 3481 1256 3516 non

155 3535 323 3585 cereliceat:
345 3538 415 3585 nulla
430 3537 537 3586 libertas
559 3537 641 3587 minor
662 3537 686 3587 Α
727 3543 842 3605 Respub.
861 3557 913 3590 non
940 3543 1075 3590 consides:
1100 3540 1144 3588 ubi
1172 3543 1258 3595 omnia

156 3625 219 3674 rege
239 3612 347 3674 petitur.
382 3614 582 3676 OED.saepessl
599 3615 687 3676 lingua
727 3615 834 3665 saevitiae
857 3615 930 3663 unius
958 3613 1123 3678 obediebant,
1142 3616 1185 3679 qut
1206 3617 1257 3665 vim

156 3687 238 3750 magis
250 3689 314 3750 Regi
321 3696 400 3753 atque
411 3703 491 3750 regno
501 3696 571 3737 muts
579 3689 687 3739 libertas
728 3707 828 3740 omnem
843 3692 929 3752 legum
941 3705 971 3739 ac
983 3691 1180 3754 magistratuum
1191 3689 1216 3736 iu
1229 3705 1257 3739 se
1327 3726 1329 3732 .

53 3807 55 3810 ,
157 3763 252 3812 obest.’
268 3764 370 3826 Lipsius.
554 3755 565 3772 '
727 3780 805 3814 uuum
817 3772 940 3826 verterat,
954 3773 982 3813 et
993 3766 1036 3829 qui
1049 3765 1074 3812 in
1083 3763 1190 3812 exitium
1200 3765 1259 3812 Rei.

190 3835 200 3870 ¹
217 3839 335 3888 Victorias
353 3840 403 3888 sisa
415 3838 510 3901 damno]
536 3837 636 3890 Alludit
654 3839 687 3887 sd
728 3841 791 3904 pub.
802 3841 838 3889 'et
850 3841 949 3901 generis
959 3840 1063 3889 humani
1079 3838 1204 3901 spirabat,
1214 3839 1259 3886 im·

159 3913 295 3963 victoriam
318 3913 479 3975 Corbulonis,
506 3929 558 3977 qua
584 3920 688 3962 coactus
729 3916 848 3980 perabat.
1278 3947 1293 3981 4

154 3989 284 4038 'tiridates
304 3991 415 4040 Neronis
432 3989 556 4052 imagines
575 3995 603 4038 et
616 3990 689 4052 signa
761 3990 774 4025 ¹¹
791 3992 900 4040 Nonitiu
910 3989 978 4052 sota]
997 3991 1057 4040 Non
1072 3989 1127 4050 jam
1140 3988 1184 4036 illa
1195 3995 1258 4037 nota

157 4065 289 4129 legionum
298 4067 456 4128 venerari,et
467 4065 585 4114 diadema
595 4066 622 4113 in
631 4065 691 4116 Ori·
730 4071 777 4115 sut
790 4072 864 4114 sueta
880 4074 986 4116 renatus
1002 4063 1138 4114 moestitia:
1156 4065 1259 4128 supple,

159 4149 221 4190 ente
233 4141 376 4205 deponam
400 4142 467 4205 quod
479 4157 529 4190 nou
540 4147 691 4207 resumeret,
731 4139 906 4191 canuntur.

160 4215 210 4266 uisi
221 4216 321 4280 Romae,
333 4223 360 4265 et
370 4231 445 4265 mann
457 4217 594 4280 principit.
