2984 4850
161 378 299 444 eumq
508 333 919 428 rnnsurunnruss’xrv.
1176 364 1263 434 1001

158 565 170 575 ..
204 519 260 584 60.
283 515 388 602 Igitur
418 523 559 603 accepto
583 512 722 585 Petrum
748 522 913 600 consultu,
941 526 1264 606 postquamcuncta

163 621 326 686 coelerum
339 627 488 704 suorum¹
501 641 563 704 pro
583 622 723 705 egregiis
747 623 858 707 accipi
871 623 974 701 videt,
992 624 1146 689 exturbat
1159 623 1264 692 Octa·
1324 633 1330 637 '

162 721 265 800 mem,
293 725 304 758 ‘
316 719 472 786 sterilem'
498 721 663 788 dictitans.
685 794 687 798 ,
708 721 799 787 Exin
826 723 1000 807 Poppaeae.
1030 725 1265 810 conjungitum

194 901 279 964 1gtrsr
288 902 369 954 ucat
376 903 469 952 ceren
478 903 589 964 ream,
598 889 645 952 'tn
655 902 824 952 animane
833 905 912 952 m
924 903 1026 952 metm
1040 918 1085 966 pm
1096 873 1191 952 aare
1199 900 1264 953 taet-

162 965 271 1016 notibus
290 966 426 1032 approbari,
443 966 509 1028 eiicit
527 967 660 1032 Octavium,
678 963 902 1017 infecunditatem
923 968 990 1017 uteri
1011 966 1162 1030 exprobras.
1195 967 1264 1018 nes·

193 1161 209 1207 1
226 1122 414 1223 Equibmdam
426 1159 490 1212 nu.
501 1139 595 1210 aarum
607 1159 689 1210 abest.
722 1137 948 1210 reuersurum
960 1174 975 1209 e
985 1159 1107 1214 mos-a
1123 1156 1264 1212 ura-unt

658 1297 770 1350 soum

162 1407 257 1474 quibus
267 1424 319 1460 uon
329 1410 454 1460 illuditur.
488 1411 547 1462 Hoc
566 1427 642 1462 sensu
659 1411 696 1460 in-
735 1424 820 1473 ceres,
829 1416 996 1477 moveretque
1005 1415 1106 1474 semro,
1123 1420 1187 1473 qnos
1198 1400 1265 1456 occi·

162 1481 215 1548 fre,
226 1489 336 1536 nubi.
350 1487 548 1551 dicit‚‘crimen
563 1488 695 1540 omniexi·
734 1486 827 1537 disset.
876 1517 882 1528 ·

162 1561 200 1612 tio
212 1561 333 1624 gravius!
552 1623 553 1626 Ἴ
766 1563 899 1614 Videbam
917 1562 967 1612 sibi
984 1562 1068 1624 illudi,
1087 1566 1116 1610 et
1132 1558 1265 1620 volebant,

194 1638 254 1688 Nec
275 1639 308 1688 ad
326 1639 449 1690 Plautum
462 1646 540 1704 atque
551 1641 648 1703 Syllam
664 1656 695 1693 ea
734 1639 830 1700 promti
842 1639 869 1686 in
879 1639 1013 1691 servitium
1021 1638 1090 1687 ultro
1101 1633 1264 1696 illudebantr

162 1711 256 1763 referri
268 1714 374 1777 debent,
384 1715 429 1766 sed
445 1715 478 1764 ad
490 1717 617 1780 Rempub.
636 1731 694 1781 qum
734 1729 838 1779 nempe,
860 1731 959 1765 summa
983 1714 1122 1780 prudentia
1140 1711 1265 1775 fuit,‘ne

163 1801 213 1854 per
223 1789 401 1840 damnationes
420 1796 462 1840 tot
480 1791 617 1841 illustrium
631 1791 696 1843 viro·
734 1791 881 1855 intelligere
901 1784 1266 1841 talialntlibriaviderentur!

163 1877 230 1928 tum,
240 1867 331 1930 gravia
340 1865 444 1932 quidem
452 1868 520 1917 mala
531 1867 695 1932 perpetieba-
769 1868 935 1932 Grauioribus]
944 1870 1024 1918 Certe
1033 1865 1183 1931 gravissima
1192 1866 1267 1912 erant

42 1936 60 1957 ''
163 1945 224 2001 tnr;
241 1940 287 1990 red
299 1941 696 2007 istaludibria‚istascontnme-
735 1945 811 2007 mala,
833 1945 879 1995 sed
901 1942 1058 2008 gratissimis
1082 1942 1155 1991 malit
1182 1939 1266 1989 adbuc

161 2015 221 2080 lies,
239 2017 305 2085 (jem
332 2032 413 2068 ceros
439 2017 555 2068 damnari
583 2019 696 2080 demum,
736 2020 856 2080 graviora
865 2018 987 2081 indibria,
998 2018 1089 2082 quibus
1105 2030 1198 2080 nempe
1208 2015 1267 2064 illu·

163 2092 238 2157 quasi
254 2092 351 2144 nonde
362 2093 482 2144 libertate
493 2099 594 2144 tuntum
606 2096 696 2160 populi
735 2090 848 2145 debatur
858 2094 968 2157 senatui,
981 2093 1143 2158 proceribus,
1154 2091 1266 2154 Reipub.

163 2167 241 2220 Rom.
251 2169 422 2233 triumpharet
434 2163 566 2235 princeps,
583 2172 630 2221 sed
646 2173 696 2222 eti·
736 2168 804 2234 orbi,
819 2169 886 2232 urbi,
899 2170 960 2220 Diis
977 2174 1006 2218 et
1020 2167 1184 2218 bominibus:
1201 2166 1267 2216 ludi·

161 2259 206 2294 arn
215 2251 268 2295 tam
275 2245 395 2296 absurdis
403 2247 557 2310 actionibus,
565 2253 696 2312 stuporem
735 2244 792 2293 brie
809 2246 958 2309 turpissimo
969 2244 1076 2299 ¹illusum
1086 2243 1267 2306 augustiuimo

162 2320 214 2386 ipsi
227 2319 420 2387 exprobraret)
430 2322 617 2388 agrius‚qneur
628 2323 696 2388 ipsas
735 2320 830 2385 ordini,
839 2323 883 2387 qui
899 2323 1060 2383 innocentes,
1070 2325 1098 2370 et
1113 2321 1170 2384 jam
1186 2319 1266 2369 iuter·

165 2396 327 2447 calamitates
335 2395 446 2448 ferebat.
734 2395 829 2462 tectos,
838 2398 938 2448 indicta
947 2411 1025 2447 cansa
1040 2401 1133 2446 senatu
1150 2408 1267 2458 movere,

196 2474 259 2523 Scit.
271 2474 342 2524 istud
353 2475 461 2525 Senecae
480 2476 514 2525 de
531 2475 658 2526 clement.
675 2490 695 2527 1.
736 2480 765 2524 et
787 2475 824 2524 sic
850 2474 962 2523 illudere
988 2473 1100 2536 sibimet,
1119 2470 1267 2535 ceterisque

165 2548 205 2599 1⁰.
216 2564 269 2599 non
281 2550 315 2600 ad
331 2552 398 2601 solos
414 2551 544 2615 principes
561 2552 694 2616 pertinet:
735 2549 889 2600 mortalibus
901 2548 1064 2612 adigebatur.
1256 2586 1259 2592 .

163 2626 348 2677 ‘contumelia
366 2626 511 2677 acerbiores
533 2630 618 2680 soient
640 2642 696 2678 esse
768 2632 782 2657 ¹
798 2626 908 2688 Poppae
928 2620 1092 2684 mutans]
1119 2623 1185 2671 Earn
1202 2633 1268 2674 nx·-

163 2715 240 2766 quam
251 2701 372 2767 injuriari
390 2702 573 2752 Freirsbernirn.
735 2716 791 2753 rem
803 2699 885 2763 ducit,
892 2714 926 2750 ex
932 2699 1066 2761 Suetonio,
1073 2697 1207 2747 neodem
1214 2700 1269 2761 pot

171 2819 174 2823 .
196 2777 337 2843 vulgatam
356 2776 394 2827 sie
413 2777 620 2841 interpretabar:
639 2792 706 2843 qnae¹
735 2777 917 2829 memte.
947 2773 1268 2840 sicque,utputo,primo

165 2866 255 2903 severa
268 2860 354 2903 tamen
372 2853 489 2904 adulatio
505 2868 557 2904 non
577 2862 630 2905 tarn
653 2870 696 2918 ug·
736 2854 861 2904 exturbat
879 2852 1028 2913 Octaviam,
1039 2864 1098 2914 qum
1118 2850 1193 2914 pulsa
1209 2843 1270 2913 reg·

137 2976 140 2981 .
166 2928 292 2999 navabat
303 2928 466 2994 augebatque
485 2931 562 2993 mala,
580 2930 696 2995 indignas
736 2932 839 2981 natrice
850 2927 1157 2993 domo,accipitriomum
1165 2924 1268 2989 Boniti,

162 3002 458 3072 nimirumcoedesSyllae
466 3006 697 3073 Plautique‚quem
737 3006 847 3057 etvillat
858 3002 1202 3064 Plentiiufaustamouera.

163 3081 278 3146 mimice,
305 3096 381 3145 vana,
413 3082 514 3133 ludicra
540 3085 608 3133 mula
629 3083 698 3134 veris
769 3083 835 3131 Mox
846 3076 1197 3143 ineampaniamejicitur‚et
1206 3073 1269 3131 dun

164 3158 290 3209 addebat.
312 3157 455 3209 Gronovius.
737 3158 796 3222 ipsa
811 3156 838 3205 in
850 3154 991 3218 Caurpaniu
1006 3153 1098 3215 agitet,
1113 3151 1187 3201 Nero
1197 3150 1270 3215 Pop·

197 3234 290 3285 Celes
308 3233 359 3287 illae
375 3234 589 3285 nobilissimorum
601 3235 696 3285 civium
739 3247 804 3298 prete
820 3230 926 3294 nuptiae
943 3228 1124 3291 celebratam
1134 3226 1268 3277 celebrate

164 3310 697 3375 inauditae‚malagraviaerant;sedlou-
737 3313 821 3373 paret.
852 3305 891 3355 At
911 3306 1025 3356 clamore
1045 3304 1116 3368 vulgi
1140 3302 1271 3366 turbatum

165 3402 198 3452 ge
209 3387 331 3453 gratiore
338 3388 382 3437 illa
389 3388 464 3437 malis
475 3388 597 3449 ludibria,
604 3386 697 3451 quibos
736 3384 833 3435 inritus
841 3384 981 3435 Octaviam
991 3386 1106 3443 revocat,
1114 3378 1160 3429 sed
1168 3394 1200 3429 eo
1209 3392 1270 3429 con·

164 3464 246 3515 occisi
264 3478 296 3515 ac
306 3465 401 3529 puniti,
412 3470 473 3528 post
480 3478 581 3529 poeuam
593 3464 698 3515 damna·
737 3460 804 3524 silio,
815 3467 845 3509 ut
864 3465 945 3513 testes
965 3463 994 3507 et
1016 3456 1125 3508 crimina
1146 3454 1270 3506 adversus

164 3540 272 3591 bantur.
737 3550 796 3585 eam
807 3539 945 3601 quaereret,
955 3533 1054 3583 artibus
1066 3531 1176 3597 pellicis.

196 3615 334 3679 Melie]
366 3617 432 3667 Sunt
458 3617 502 3681 qni
538 3617 697 3682 intelligant,
770 3614 816 3675 Ut,
825 3626 928 3675 nempe,
939 3625 971 3660 eo
983 3615 1114 3673 praetextu
1125 3614 1154 3658 et
1165 3620 1270 3659 accusa·

165 3693 241 3759 qnasi
259 3692 382 3744 illuderet
393 3692 467 3743 Nero
485 3694 592 3743 mortuis
602 3692 698 3745 Plauto
738 3689 810 3740 tione
819 3687 933 3752 Aniceti,
942 3688 1088 3751 perculsum
1096 3685 1231 3750 ablegaret
1237 3678 1271 3734 'in

165 3768 298 3832 stsyue:
315 3768 362 3819 sed
378 3770 455 3833 longe
476 3769 555 3833 magis
572 3769 699 3819 illudebat
738 3763 848 3814 insulem
859 3762 1055 3825 Pandateriam,
1071 3760 1117 3810 ubi
1134 3768 1163 3810 et
1180 3760 1269 3810 stelin

165 3842 241 3907 viris,
248 3857 345 3908 nempe
365 3844 468 3894 senatui
489 3844 636 3908 populoque
648 3846 697 3895 Ro·
739 3841 824 3891 occisa
833 3847 885 3901 est,
896 3846 1050 3904 procurante
1060 3836 1171 3898 medico,
1182 3843 1210 3884 et
1226 3834 1270 3897 ju·

165 3933 252 3981 mano,
263 3925 292 3969 et
309 3920 441 3983 precipue
460 3919 594 3983 Patribus,
605 3919 698 3983 quibus
739 3916 1085 3979 bentibnsexigentibusqne
1099 3913 1210 3963 tribunis
1223 3917 1271 3961 aut

164 3994 205 4045 sic
226 3995 432 4058 imponebatur
453 3994 656 4060 supplicationes
671 4001 699 4044 et
739 3984 1271 4055 centuriouibusejuseustodiaeappositis,
1362 3984 1368 3989 ”

167 4064 236 4121 dona
245 4070 360 4135 templis,
372 4070 473 4134 quoties
484 4072 580 4134 credes,
590 4078 617 4119 et
628 4070 697 4133 fuga
739 4078 770 4119 ut
780 4070 817 4119 sic
828 4084 928 4119 omnem
936 4067 1070 4117 reditionis
1080 4063 1215 4113 materiem
1225 4061 1271 4111 ab·

167 4143 495 4207 nobiliumfiereanoedo
516 4144 638 4209 obsequio
656 4146 700 4195 tle-
739 4146 879 4210 scinderet,
918 4150 1028 4206 urgente
1069 4138 1275 4201 stimulanteque

169 4222 278 4281 tamese
293 4224 420 4287 cogeret3
436 4216 624 4287 damnaretque
641 4234 701 4287 pro·
740 4222 867 4288 Poppae,
879 4234 938 4289 qum
947 4218 1046 4285 pellex,
1056 4218 1136 4281 ceput
1147 4211 1271 4276 Octauia
