<?xml version="1.0" encoding="UTF-8"?>
<!DOCTYPE html PUBLIC "-//W3C//DTD XHTML 1.0 Transitional//EN"
    "http://www.w3.org/TR/xhtml1/DTD/xhtml1-transitional.dtd">
<html xmlns="http://www.w3.org/1999/xhtml" xml:lang="en" lang="en">
 <head>
  <title>
</title>
<meta http-equiv="Content-Type" content="text/html;charset=utf-8" />
  <meta name='ocr-system' content='tesseract 3.04.00' />
  <meta name='ocr-capabilities' content='ocr_page ocr_carea ocr_par ocr_line ocrx_word'/>
</head>
<body>
  <div class='ocr_page' id='page_1' title='image "./ccorneliitaciti03unkngoog_0140.png"; bbox 0 0 2984 4850; ppageno 0'>
   <div class='ocr_carea' id='block_1_1' title="bbox 231 380 1356 463">
    <p class='ocr_par' dir='ltr' id='par_1_1' title="bbox 231 380 1356 463">
     <span class='ocr_line' id='line_1_1' title="bbox 231 380 1356 463; baseline -0.024 -2"><span class='ocrx_word' id='word_1_1' title='bbox 231 394 319 463; x_wconf 81' lang='lat'>1756</span> <span class='ocrx_word' id='word_1_2' title='bbox 580 380 621 451; x_wconf 79' lang='lat' dir='ltr'>e.</span> <span class='ocrx_word' id='word_1_3' title='bbox 645 397 827 451; x_wconf 78' lang='lat' dir='ltr'>cornuum</span> <span class='ocrx_word' id='word_1_4' title='bbox 851 395 980 445; x_wconf 78' lang='lat' dir='ltr'>rucrrr</span> <span class='ocrx_word' id='word_1_5' title='bbox 1181 391 1235 456; x_wconf 74' lang='lat' dir='ltr'>[a.</span> <span class='ocrx_word' id='word_1_6' title='bbox 1249 390 1356 459; x_wconf 77' lang='lat'><strong>⁰·.⁸¹⁵·</strong></span> 
     </span>
    </p>
   </div>
   <div class='ocr_carea' id='block_1_2' title="bbox 235 530 1357 631">
    <p class='ocr_par' dir='ltr' id='par_1_2' title="bbox 235 530 1357 631">
     <span class='ocr_line' id='line_1_2' title="bbox 235 530 1357 631; baseline -0.023 -11"><span class='ocrx_word' id='word_1_7' title='bbox 235 544 243 607; x_wconf 77' lang='grc' dir='ltr'><strong><em>Ῑ</em></strong></span> <span class='ocrx_word' id='word_1_8' title='bbox 275 544 330 619; x_wconf 71' lang='lat' dir='ltr'>dd.</span> <span class='ocrx_word' id='word_1_9' title='bbox 354 555 365 586; x_wconf 91' lang='lat'>‘</span> <span class='ocrx_word' id='word_1_10' title='bbox 380 548 485 616; x_wconf 77' lang='lat' dir='ltr'>Libeti</span> <span class='ocrx_word' id='word_1_11' title='bbox 499 550 690 631; x_wconf 83' lang='lat' dir='ltr'>argumenta</span> <span class='ocrx_word' id='word_1_12' title='bbox 703 545 896 629; x_wconf 83' lang='lat' dir='ltr'>conquirere</span> <span class='ocrx_word' id='word_1_13' title='bbox 909 542 1009 616; x_wconf 88' lang='lat' dir='ltr'>in&#39;oo,</span> <span class='ocrx_word' id='word_1_14' title='bbox 1019 535 1111 621; x_wconf 93' lang='lat' dir='ltr'>quod</span> <span class='ocrx_word' id='word_1_15' title='bbox 1129 530 1357 631; x_wconf 58' lang='lat' dir='ltr'>sapientioris</span> 
     </span>
    </p>
   </div>
   <div class='ocr_carea' id='block_1_3' title="bbox 250 680 1357 763">
    <p class='ocr_par' dir='ltr' id='par_1_3' title="bbox 250 680 1357 763">
     <span class='ocr_line' id='line_1_3' title="bbox 250 680 1357 763; baseline -0.024 -9"><span class='ocrx_word' id='word_1_16' title='bbox 250 722 252 725; x_wconf 93' lang='lat'>·</span> <span class='ocrx_word' id='word_1_17' title='bbox 266 699 359 753; x_wconf 82' lang='lat' dir='ltr'>Placet</span> <span class='ocrx_word' id='word_1_18' title='bbox 369 698 527 761; x_wconf 81' lang='lat' dir='ltr'>investigare</span> <span class='ocrx_word' id='word_1_19' title='bbox 538 696 650 746; x_wconf 84' lang='lat' dir='ltr'>rationes</span> <span class='ocrx_word' id='word_1_20' title='bbox 663 694 690 743; x_wconf 92' lang='lat' dir='ltr'>in</span> <span class='ocrx_word' id='word_1_21' title='bbox 701 708 733 763; x_wconf 81' lang='lat' dir='ltr'>ea</span> <span class='ocrx_word' id='word_1_22' title='bbox 744 693 897 757; x_wconf 68' lang='lat' dir='ltr'>quaestione,</span> <span class='ocrx_word' id='word_1_23' title='bbox 914 706 971 756; x_wconf 83' lang='lat' dir='ltr'>quae</span> <span class='ocrx_word' id='word_1_24' title='bbox 991 684 1217 753; x_wconf 87' lang='lat' dir='ltr'>prudentioribus</span> <span class='ocrx_word' id='word_1_25' title='bbox 1230 681 1289 745; x_wconf 73' lang='lat' dir='ltr'>jaro</span> <span class='ocrx_word' id='word_1_26' title='bbox 1300 680 1357 741; x_wconf 58' lang='lat' dir='ltr'>otim</span> 
     </span>
    </p>
   </div>
   <div class='ocr_carea' id='block_1_4' title="bbox 219 874 1358 3611">
    <p class='ocr_par' dir='ltr' id='par_1_4' title="bbox 234 874 1358 1479">
     <span class='ocr_line' id='line_1_4' title="bbox 266 874 1356 953; baseline -0.015 -13"><span class='ocrx_word' id='word_1_27' title='bbox 266 890 321 940; x_wconf 89' lang='lat' dir='ltr'>Per</span> <span class='ocrx_word' id='word_1_28' title='bbox 340 889 583 953; x_wconf 67' lang='lat' dir='ltr'>interrogationem</span> <span class='ocrx_word' id='word_1_29' title='bbox 601 886 679 937; x_wconf 90' lang='lat' dir='ltr'>Libet</span> <span class='ocrx_word' id='word_1_30' title='bbox 690 900 764 949; x_wconf 81' lang='lat' dir='ltr'>argu-</span> <span class='ocrx_word' id='word_1_31' title='bbox 805 887 896 949; x_wconf 85' lang='lat' dir='ltr'>instar,</span> <span class='ocrx_word' id='word_1_32' title='bbox 917 891 946 934; x_wconf 92' lang='lat' dir='ltr'>et</span> <span class='ocrx_word' id='word_1_33' title='bbox 968 883 1054 947; x_wconf 85' lang='lat' dir='ltr'>potius</span> <span class='ocrx_word' id='word_1_34' title='bbox 1087 878 1199 944; x_wconf 76' lang='lat' dir='ltr'>assequi</span> <span class='ocrx_word' id='word_1_35' title='bbox 1226 874 1356 925; x_wconf 82' lang='lat' dir='ltr'>debemus</span> 
     </span>
     <span class='ocr_line' id='line_1_5' title="bbox 234 955 1244 1029; baseline -0.014 -13"><span class='ocrx_word' id='word_1_36' title='bbox 234 973 321 1017; x_wconf 82' lang='lat' dir='ltr'>menta</span> <span class='ocrx_word' id='word_1_37' title='bbox 331 981 398 1015; x_wconf 77' lang='lat' dir='ltr'>stunc</span> <span class='ocrx_word' id='word_1_38' title='bbox 415 968 496 1015; x_wconf 87' lang='lat' dir='ltr'>etiam</span> <span class='ocrx_word' id='word_1_39' title='bbox 507 966 669 1029; x_wconf 74' lang='lat' dir='ltr'>conquirere,</span> <span class='ocrx_word' id='word_1_40' title='bbox 681 970 710 1012; x_wconf 89' lang='lat' dir='ltr'>ut</span> <span class='ocrx_word' id='word_1_41' title='bbox 721 961 765 1011; x_wconf 87' lang='lat' dir='ltr'>ad·</span> <span class='ocrx_word' id='word_1_42' title='bbox 805 977 908 1011; x_wconf 84' lang='lat' dir='ltr'>sensum</span> <span class='ocrx_word' id='word_1_43' title='bbox 918 960 1041 1021; x_wconf 87' lang='lat' dir='ltr'>auctoris,</span> <span class='ocrx_word' id='word_1_44' title='bbox 1051 974 1127 1023; x_wconf 87' lang='lat' dir='ltr'>quam</span> <span class='ocrx_word' id='word_1_45' title='bbox 1140 955 1244 1005; x_wconf 86' lang='lat' dir='ltr'>verba.</span> 
     </span>
     <span class='ocr_line' id='line_1_6' title="bbox 234 1032 1356 1102; baseline -0.013 -11"><span class='ocrx_word' id='word_1_46' title='bbox 234 1042 285 1091; x_wconf 85' lang='lat' dir='ltr'>huc</span> <span class='ocrx_word' id='word_1_47' title='bbox 295 1041 497 1102; x_wconf 81' lang='lat' dir='ltr'>demonstretur,</span> <span class='ocrx_word' id='word_1_48' title='bbox 510 1048 612 1089; x_wconf 85' lang='lat' dir='ltr'>veteres</span> <span class='ocrx_word' id='word_1_49' title='bbox 623 1037 766 1101; x_wconf 82' lang='lat' dir='ltr'>prudenter</span> <span class='ocrx_word' id='word_1_50' title='bbox 837 1038 881 1088; x_wconf 89' lang='lat' dir='ltr'>Sic</span> <span class='ocrx_word' id='word_1_51' title='bbox 892 1037 989 1087; x_wconf 85' lang='lat' dir='ltr'>abistis</span> <span class='ocrx_word' id='word_1_52' title='bbox 1003 1036 1099 1096; x_wconf 83' lang='lat' dir='ltr'>verbis,</span> <span class='ocrx_word' id='word_1_53' title='bbox 1114 1038 1163 1083; x_wconf 87' lang='lat' dir='ltr'>aut</span> <span class='ocrx_word' id='word_1_54' title='bbox 1175 1032 1278 1081; x_wconf 64' lang='lat' dir='ltr'>aeuum</span> <span class='ocrx_word' id='word_1_55' title='bbox 1290 1043 1356 1077; x_wconf 74' lang='lat' dir='ltr'>mor·</span> 
     </span>
     <span class='ocr_line' id='line_1_7' title="bbox 235 1108 1356 1178; baseline -0.001 -15"><span class='ocrx_word' id='word_1_56' title='bbox 235 1115 400 1177; x_wconf 83' lang='lat' dir='ltr'>deliberasse,</span> <span class='ocrx_word' id='word_1_57' title='bbox 420 1115 602 1178; x_wconf 75' lang='lat' dir='ltr'>sapienterque</span> <span class='ocrx_word' id='word_1_58' title='bbox 628 1126 767 1175; x_wconf 80' lang='lat' dir='ltr'>usurpasse</span> <span class='ocrx_word' id='word_1_59' title='bbox 805 1116 894 1178; x_wconf 77' lang='lat' dir='ltr'>atpium</span> <span class='ocrx_word' id='word_1_60' title='bbox 903 1112 1187 1175; x_wconf 52' lang='lat' dir='ltr'>summentium</span> <span class='ocrx_word' id='word_1_61' title='bbox 1209 1108 1356 1159; x_wconf 63' lang='lat' dir='ltr'>transitui</span> 
     </span>
     <span class='ocr_line' id='line_1_8' title="bbox 235 1184 1356 1253; baseline -0.006 -14"><span class='ocrx_word' id='word_1_62' title='bbox 235 1191 314 1239; x_wconf 84' lang='lat' dir='ltr'>talem</span> <span class='ocrx_word' id='word_1_63' title='bbox 334 1190 498 1239; x_wconf 86' lang='lat' dir='ltr'>severitatem</span> <span class='ocrx_word' id='word_1_64' title='bbox 518 1188 640 1238; x_wconf 86' lang='lat' dir='ltr'>adversus</span> <span class='ocrx_word' id='word_1_65' title='bbox 661 1186 766 1236; x_wconf 81' lang='lat' dir='ltr'>servos?</span> <span class='ocrx_word' id='word_1_66' title='bbox 807 1191 919 1249; x_wconf 68' lang='lat' dir='ltr'>diversa,</span> <span class='ocrx_word' id='word_1_67' title='bbox 931 1190 1111 1253; x_wconf 63' lang='lat' dir='ltr'>proaemium</span> <span class='ocrx_word' id='word_1_68' title='bbox 1131 1190 1206 1237; x_wconf 74' lang='lat' dir='ltr'>uitro</span> <span class='ocrx_word' id='word_1_69' title='bbox 1229 1184 1356 1234; x_wconf 66' lang='lat' dir='ltr'>murinum</span> 
     </span>
     <span class='ocr_line' id='line_1_9' title="bbox 236 1261 1356 1331; baseline -0.006 -16"><span class='ocrx_word' id='word_1_70' title='bbox 236 1280 341 1331; x_wconf 79' lang='lat' dir='ltr'>agamus</span> <span class='ocrx_word' id='word_1_71' title='bbox 352 1282 420 1315; x_wconf 90' lang='lat' dir='ltr'>nunc</span> <span class='ocrx_word' id='word_1_72' title='bbox 432 1266 505 1330; x_wconf 78' lang='lat' dir='ltr'>quasi</span> <span class='ocrx_word' id='word_1_73' title='bbox 523 1266 599 1314; x_wconf 88' lang='lat' dir='ltr'>bodie</span> <span class='ocrx_word' id='word_1_74' title='bbox 617 1264 728 1327; x_wconf 87' lang='lat' dir='ltr'>primum</span> <span class='ocrx_word' id='word_1_75' title='bbox 740 1263 767 1312; x_wconf 85' lang='lat' dir='ltr'>in</span> <span class='ocrx_word' id='word_1_76' title='bbox 800 1269 953 1329; x_wconf 76' lang='lat' dir='ltr'>jarecaesuat</span> <span class='ocrx_word' id='word_1_77' title='bbox 968 1267 1061 1322; x_wconf 71' lang='lat' dir='ltr'>oiderir</span> <span class='ocrx_word' id='word_1_78' title='bbox 1083 1265 1146 1313; x_wconf 87' lang='lat' dir='ltr'>dein</span> <span class='ocrx_word' id='word_1_79' title='bbox 1159 1261 1305 1326; x_wconf 83' lang='lat' dir='ltr'>conquirit</span> <span class='ocrx_word' id='word_1_80' title='bbox 1316 1274 1356 1309; x_wconf 91' lang='lat' dir='ltr'>ar·</span> 
     </span>
     <span class='ocr_line' id='line_1_10' title="bbox 235 1338 1358 1405; baseline -0.004 -16"><span class='ocrx_word' id='word_1_81' title='bbox 235 1342 284 1390; x_wconf 77' lang='lat' dir='ltr'>bac</span> <span class='ocrx_word' id='word_1_82' title='bbox 306 1342 449 1405; x_wconf 67' lang='lat' dir='ltr'>quaestione</span> <span class='ocrx_word' id='word_1_83' title='bbox 471 1342 636 1390; x_wconf 84' lang='lat' dir='ltr'>statuendum</span> <span class='ocrx_word' id='word_1_84' title='bbox 659 1338 767 1389; x_wconf 86' lang='lat' dir='ltr'>babere·</span> <span class='ocrx_word' id='word_1_85' title='bbox 808 1350 939 1405; x_wconf 76' lang='lat' dir='ltr'>gumeuta,</span> <span class='ocrx_word' id='word_1_86' title='bbox 957 1340 1152 1405; x_wconf 83' lang='lat' dir='ltr'>quibus,·quasi</span> <span class='ocrx_word' id='word_1_87' title='bbox 1173 1339 1204 1388; x_wconf 91' lang='lat' dir='ltr'>in</span> <span class='ocrx_word' id='word_1_88' title='bbox 1226 1353 1256 1386; x_wconf 88' lang='lat' dir='ltr'>re</span> <span class='ocrx_word' id='word_1_89' title='bbox 1279 1347 1358 1399; x_wconf 77' lang='lat' dir='ltr'>nova,</span> 
     </span>
     <span class='ocr_line' id='line_1_11' title="bbox 236 1413 1357 1479; baseline -0.006 -12"><span class='ocrx_word' id='word_1_90' title='bbox 236 1431 302 1479; x_wconf 88' lang='lat' dir='ltr'>mus,</span> <span class='ocrx_word' id='word_1_91' title='bbox 311 1417 467 1466; x_wconf 82' lang='lat' dir='ltr'>creditisne?</span> <span class='ocrx_word' id='word_1_92' title='bbox 484 1420 533 1468; x_wconf 74' lang='grc' dir='ltr'>διο.</span> <span class='ocrx_word' id='word_1_93' title='bbox 807 1418 920 1478; x_wconf 81' lang='lat' dir='ltr'>evincat,</span> <span class='ocrx_word' id='word_1_94' title='bbox 931 1417 1000 1466; x_wconf 89' lang='lat' dir='ltr'>aliud</span> <span class='ocrx_word' id='word_1_95' title='bbox 1016 1432 1067 1465; x_wconf 90' lang='lat' dir='ltr'>nou</span> <span class='ocrx_word' id='word_1_96' title='bbox 1083 1416 1250 1479; x_wconf 85' lang='lat' dir='ltr'>possejuste</span> <span class='ocrx_word' id='word_1_97' title='bbox 1263 1413 1357 1461; x_wconf 89' lang='lat' dir='ltr'>decer-</span> 
     </span>
    </p>

    <p class='ocr_par' dir='ltr' id='par_1_5' title="bbox 237 1486 1356 1787">
     <span class='ocr_line' id='line_1_12' title="bbox 269 1486 1356 1558; baseline -0.005 -15"><span class='ocrx_word' id='word_1_98' title='bbox 269 1495 428 1558; x_wconf 80' lang='lat' dir='ltr'>Ceterasque</span> <span class='ocrx_word' id='word_1_99' title='bbox 445 1495 559 1544; x_wconf 88' lang='lat' dir='ltr'>rationes</span> <span class='ocrx_word' id='word_1_100' title='bbox 576 1494 662 1557; x_wconf 84' lang='lat' dir='ltr'>pergit</span> <span class='ocrx_word' id='word_1_101' title='bbox 673 1492 768 1542; x_wconf 83' lang='lat' dir='ltr'>afferre</span> <span class='ocrx_word' id='word_1_102' title='bbox 807 1494 843 1554; x_wconf 89' lang='lat' dir='ltr'>ni,</span> <span class='ocrx_word' id='word_1_103' title='bbox 861 1499 889 1541; x_wconf 90' lang='lat' dir='ltr'>et</span> <span class='ocrx_word' id='word_1_104' title='bbox 908 1491 1030 1555; x_wconf 82' lang='lat' dir='ltr'>antiquis,</span> <span class='ocrx_word' id='word_1_105' title='bbox 1041 1497 1072 1539; x_wconf 91' lang='lat' dir='ltr'>ut</span> <span class='ocrx_word' id='word_1_106' title='bbox 1088 1488 1313 1553; x_wconf 82' lang='lat' dir='ltr'>sapientioribus,</span> <span class='ocrx_word' id='word_1_107' title='bbox 1328 1486 1356 1538; x_wconf 86' lang='lat' dir='ltr'>id</span> 
     </span>
     <span class='ocr_line' id='line_1_13' title="bbox 238 1566 1355 1635; baseline -0.012 -12"><span class='ocrx_word' id='word_1_108' title='bbox 238 1572 349 1635; x_wconf 82' lang='lat' dir='ltr'>Cassius,</span> <span class='ocrx_word' id='word_1_109' title='bbox 368 1571 459 1635; x_wconf 86' lang='lat' dir='ltr'>quibus</span> <span class='ocrx_word' id='word_1_110' title='bbox 476 1571 578 1621; x_wconf 86' lang='lat' dir='ltr'>evincat</span> <span class='ocrx_word' id='word_1_111' title='bbox 596 1570 768 1631; x_wconf 72' lang='lat' dir='ltr'>amictibus,</span> <span class='ocrx_word' id='word_1_112' title='bbox 807 1571 867 1619; x_wconf 90' lang='lat' dir='ltr'>oiim</span> <span class='ocrx_word' id='word_1_113' title='bbox 888 1575 960 1619; x_wconf 88' lang='lat' dir='ltr'>recte</span> <span class='ocrx_word' id='word_1_114' title='bbox 977 1566 1105 1616; x_wconf 85' lang='lat' dir='ltr'>sancitum</span> <span class='ocrx_word' id='word_1_115' title='bbox 1125 1580 1201 1627; x_wconf 91' lang='lat' dir='ltr'>esse,</span> <span class='ocrx_word' id='word_1_116' title='bbox 1214 1570 1247 1613; x_wconf 90' lang='lat' dir='ltr'>ut</span> <span class='ocrx_word' id='word_1_117' title='bbox 1257 1576 1355 1626; x_wconf 89' lang='lat' dir='ltr'>nempe</span> 
     </span>
     <span class='ocr_line' id='line_1_14' title="bbox 238 1643 1354 1711; baseline -0.005 -16"><span class='ocrx_word' id='word_1_118' title='bbox 238 1654 359 1711; x_wconf 86' lang='lat' dir='ltr'>tanquam</span> <span class='ocrx_word' id='word_1_119' title='bbox 371 1647 579 1711; x_wconf 83' lang='lat' dir='ltr'>sapientioribus,</span> <span class='ocrx_word' id='word_1_120' title='bbox 591 1647 626 1695; x_wconf 88' lang='lat' dir='ltr'>sic</span> <span class='ocrx_word' id='word_1_121' title='bbox 638 1646 769 1709; x_wconf 87' lang='lat' dir='ltr'>rcctejus-</span> <span class='ocrx_word' id='word_1_122' title='bbox 808 1660 895 1695; x_wconf 91' lang='lat' dir='ltr'>omues</span> <span class='ocrx_word' id='word_1_123' title='bbox 914 1646 982 1694; x_wconf 87' lang='lat' dir='ltr'>servi</span> <span class='ocrx_word' id='word_1_124' title='bbox 1001 1644 1028 1693; x_wconf 89' lang='lat' dir='ltr'>in</span> <span class='ocrx_word' id='word_1_125' title='bbox 1046 1658 1079 1693; x_wconf 87' lang='lat' dir='ltr'>ea</span> <span class='ocrx_word' id='word_1_126' title='bbox 1099 1643 1183 1694; x_wconf 88' lang='lat' dir='ltr'>domo</span> <span class='ocrx_word' id='word_1_127' title='bbox 1214 1646 1354 1690; x_wconf 81' lang='lat' dir='ltr'>manentes</span> 
     </span>
     <span class='ocr_line' id='line_1_15' title="bbox 237 1723 973 1787; baseline -0.005 -14"><span class='ocrx_word' id='word_1_128' title='bbox 237 1729 316 1787; x_wconf 85' lang='lat' dir='ltr'>teque</span> <span class='ocrx_word' id='word_1_129' title='bbox 325 1723 498 1772; x_wconf 85' lang='lat' dir='ltr'>deliberatum</span> <span class='ocrx_word' id='word_1_130' title='bbox 508 1736 574 1773; x_wconf 80' lang='lat' dir='ltr'>esse.</span> <span class='ocrx_word' id='word_1_131' title='bbox 601 1754 603 1761; x_wconf 72' lang='lat'>,</span> <span class='ocrx_word' id='word_1_132' title='bbox 808 1727 973 1771; x_wconf 81' lang='lat' dir='ltr'>necarentur.</span> 
     </span>
    </p>

    <p class='ocr_par' dir='ltr' id='par_1_6' title="bbox 235 1794 1355 2846">
     <span class='ocr_line' id='line_1_16' title="bbox 272 1794 1355 1860; baseline -0.007 -11"><span class='ocrx_word' id='word_1_133' title='bbox 272 1799 466 1860; x_wconf 73' lang='lat' dir='ltr'>Pronumiemus]</span> <span class='ocrx_word' id='word_1_134' title='bbox 482 1799 532 1848; x_wconf 89' lang='lat' dir='ltr'>Vel</span> <span class='ocrx_word' id='word_1_135' title='bbox 542 1798 569 1847; x_wconf 94' lang='lat' dir='ltr'>id</span> <span class='ocrx_word' id='word_1_136' title='bbox 587 1797 679 1847; x_wconf 83' lang='lat' dir='ltr'>referri</span> <span class='ocrx_word' id='word_1_137' title='bbox 690 1797 770 1847; x_wconf 88' lang='lat' dir='ltr'>debet</span> <span class='ocrx_word' id='word_1_138' title='bbox 841 1796 1036 1859; x_wconf 77' lang='lat' dir='ltr'>Pmaortiemus]</span> <span class='ocrx_word' id='word_1_139' title='bbox 1061 1796 1210 1847; x_wconf 86' lang='lat' dir='ltr'>Concessio</span> <span class='ocrx_word' id='word_1_140' title='bbox 1234 1794 1281 1842; x_wconf 83' lang='lat' dir='ltr'>iiia</span> <span class='ocrx_word' id='word_1_141' title='bbox 1304 1797 1355 1855; x_wconf 76' lang='lat' dir='ltr'>est,</span> 
     </span>
     <span class='ocr_line' id='line_1_17' title="bbox 238 1869 1353 1939; baseline -0.005 -14"><span class='ocrx_word' id='word_1_142' title='bbox 238 1874 272 1925; x_wconf 83' lang='lat' dir='ltr'>ad</span> <span class='ocrx_word' id='word_1_143' title='bbox 282 1873 317 1937; x_wconf 86' lang='lat' dir='ltr'>id,</span> <span class='ocrx_word' id='word_1_144' title='bbox 329 1874 397 1939; x_wconf 88' lang='lat' dir='ltr'>quod</span> <span class='ocrx_word' id='word_1_145' title='bbox 410 1874 546 1938; x_wconf 86' lang='lat' dir='ltr'>praecedit,</span> <span class='ocrx_word' id='word_1_146' title='bbox 555 1875 604 1923; x_wconf 89' lang='lat' dir='ltr'>boc</span> <span class='ocrx_word' id='word_1_147' title='bbox 616 1888 710 1933; x_wconf 81' lang='lat' dir='ltr'>sensu3</span> <span class='ocrx_word' id='word_1_148' title='bbox 727 1871 770 1921; x_wconf 86' lang='lat' dir='ltr'>An</span> <span class='ocrx_word' id='word_1_149' title='bbox 809 1875 856 1923; x_wconf 89' lang='lat' dir='ltr'>sed</span> <span class='ocrx_word' id='word_1_150' title='bbox 867 1874 1024 1937; x_wconf 79' lang='lat' dir='ltr'>indignantis</span> <span class='ocrx_word' id='word_1_151' title='bbox 1034 1880 1063 1922; x_wconf 89' lang='lat' dir='ltr'>et</span> <span class='ocrx_word' id='word_1_152' title='bbox 1079 1873 1209 1922; x_wconf 83' lang='lat' dir='ltr'>invidiam</span> <span class='ocrx_word' id='word_1_153' title='bbox 1220 1869 1353 1920; x_wconf 83' lang='lat' dir='ltr'>moventia</span> 
     </span>
     <span class='ocr_line' id='line_1_18' title="bbox 239 1943 1353 2017; baseline -0.005 -19"><span class='ocrx_word' id='word_1_154' title='bbox 239 1949 300 2017; x_wconf 84' lang='lat' dir='ltr'>qaia</span> <span class='ocrx_word' id='word_1_155' title='bbox 310 1950 417 2012; x_wconf 86' lang='lat' dir='ltr'>iujurias</span> <span class='ocrx_word' id='word_1_156' title='bbox 435 1964 494 1997; x_wconf 86' lang='lat' dir='ltr'>suas</span> <span class='ocrx_word' id='word_1_157' title='bbox 514 1950 583 1997; x_wconf 87' lang='lat' dir='ltr'>ultus</span> <span class='ocrx_word' id='word_1_158' title='bbox 594 1953 636 1996; x_wconf 88' lang='lat' dir='ltr'>est</span> <span class='ocrx_word' id='word_1_159' title='bbox 651 1945 772 1996; x_wconf 85' lang='lat' dir='ltr'>interfcc·</span> <span class='ocrx_word' id='word_1_160' title='bbox 811 1950 937 1999; x_wconf 85' lang='lat' dir='ltr'>oratoris:</span> <span class='ocrx_word' id='word_1_161' title='bbox 953 1949 1130 2013; x_wconf 80' lang='lat' dir='ltr'>pronuntiemus</span> <span class='ocrx_word' id='word_1_162' title='bbox 1139 1951 1219 2008; x_wconf 82' lang='lat' dir='ltr'>uitro,</span> <span class='ocrx_word' id='word_1_163' title='bbox 1231 1946 1315 2008; x_wconf 87' lang='lat' dir='ltr'>ultro,</span> <span class='ocrx_word' id='word_1_164' title='bbox 1324 1943 1353 1992; x_wconf 94' lang='lat' dir='ltr'>id</span> 
     </span>
     <span class='ocr_line' id='line_1_19' title="bbox 238 2021 1354 2090; baseline -0.005 -15"><span class='ocrx_word' id='word_1_165' title='bbox 238 2027 295 2079; x_wconf 81' lang='lat' dir='ltr'>tor?</span> <span class='ocrx_word' id='word_1_166' title='bbox 304 2040 337 2074; x_wconf 83' lang='lat' dir='ltr'>uu</span> <span class='ocrx_word' id='word_1_167' title='bbox 347 2026 406 2090; x_wconf 85' lang='lat' dir='ltr'>qnia</span> <span class='ocrx_word' id='word_1_168' title='bbox 415 2025 513 2073; x_wconf 86' lang='lat' dir='ltr'>avitum</span> <span class='ocrx_word' id='word_1_169' title='bbox 519 2024 673 2088; x_wconf 83' lang='lat' dir='ltr'>mancipium</span> <span class='ocrx_word' id='word_1_170' title='bbox 684 2022 771 2072; x_wconf 83' lang='lat' dir='ltr'>detra·</span> <span class='ocrx_word' id='word_1_171' title='bbox 811 2030 861 2087; x_wconf 87' lang='lat' dir='ltr'>est,</span> <span class='ocrx_word' id='word_1_172' title='bbox 872 2040 900 2073; x_wconf 93' lang='lat' dir='ltr'>re</span> <span class='ocrx_word' id='word_1_173' title='bbox 912 2040 1001 2087; x_wconf 86' lang='lat' dir='ltr'>parum</span> <span class='ocrx_word' id='word_1_174' title='bbox 1014 2031 1136 2074; x_wconf 84' lang='lat' dir='ltr'>accurate</span> <span class='ocrx_word' id='word_1_175' title='bbox 1147 2021 1316 2082; x_wconf 83' lang='lat' dir='ltr'>examinata,</span> <span class='ocrx_word' id='word_1_176' title='bbox 1327 2024 1354 2069; x_wconf 86' lang='lat' dir='ltr'>et</span> 
     </span>
     <span class='ocr_line' id='line_1_20' title="bbox 235 2097 1352 2163; baseline -0.004 -14"><span class='ocrx_word' id='word_1_177' title='bbox 235 2100 366 2149; x_wconf 83' lang='lat' dir='ltr'>bebatur?</span> <span class='ocrx_word' id='word_1_178' title='bbox 394 2100 617 2163; x_wconf 85' lang='lat' dir='ltr'>pronuntiabimus</span> <span class='ocrx_word' id='word_1_179' title='bbox 641 2099 770 2149; x_wconf 82' lang='lat' dir='ltr'>donrinum</span> <span class='ocrx_word' id='word_1_180' title='bbox 811 2099 884 2163; x_wconf 87' lang='lat' dir='ltr'>quasi</span> <span class='ocrx_word' id='word_1_181' title='bbox 896 2099 1006 2162; x_wconf 87' lang='lat' dir='ltr'>diceret,</span> <span class='ocrx_word' id='word_1_182' title='bbox 1016 2106 1117 2148; x_wconf 85' lang='lat' dir='ltr'>temere</span> <span class='ocrx_word' id='word_1_183' title='bbox 1136 2097 1352 2162; x_wconf 88' lang='lat' dir='ltr'>pronuntiemus,</span> 
     </span>
     <span class='ocr_line' id='line_1_21' title="bbox 236 2174 1352 2243; baseline -0.004 -18"><span class='ocrx_word' id='word_1_184' title='bbox 236 2176 297 2241; x_wconf 91' lang='lat' dir='ltr'>jure</span> <span class='ocrx_word' id='word_1_185' title='bbox 309 2192 403 2227; x_wconf 80' lang='lat' dir='ltr'>cresum</span> <span class='ocrx_word' id='word_1_186' title='bbox 416 2176 508 2227; x_wconf 87' lang='lat' dir='ltr'>videri.</span> <span class='ocrx_word' id='word_1_187' title='bbox 540 2178 590 2225; x_wconf 90' lang='lat' dir='ltr'>Vel</span> <span class='ocrx_word' id='word_1_188' title='bbox 606 2176 638 2225; x_wconf 89' lang='lat' dir='ltr'>ad</span> <span class='ocrx_word' id='word_1_189' title='bbox 656 2176 683 2225; x_wconf 89' lang='lat' dir='ltr'>id</span> <span class='ocrx_word' id='word_1_190' title='bbox 700 2176 770 2243; x_wconf 91' lang='lat' dir='ltr'>quod</span> <span class='ocrx_word' id='word_1_191' title='bbox 810 2174 1352 2238; x_wconf 63' lang='lat' dir='ltr'>mannumjurecaesumoideri.sedtibet,qc.</span> 
     </span>
     <span class='ocr_line' id='line_1_22' title="bbox 241 2252 1352 2319; baseline -0.006 -16"><span class='ocrx_word' id='word_1_192' title='bbox 241 2254 366 2319; x_wconf 88' lang='lat' dir='ltr'>sequitur,</span> <span class='ocrx_word' id='word_1_193' title='bbox 377 2254 428 2315; x_wconf 87' lang='lat' dir='ltr'>sic;</span> <span class='ocrx_word' id='word_1_194' title='bbox 447 2254 623 2318; x_wconf 77' lang='lat' dir='ltr'>pronuntiemus</span> <span class='ocrx_word' id='word_1_195' title='bbox 642 2256 713 2316; x_wconf 87' lang='lat' dir='ltr'>ultro,</span> <span class='ocrx_word' id='word_1_196' title='bbox 730 2257 773 2317; x_wconf 69' lang='lat' dir='ltr'>tu.</span> <span class='ocrx_word' id='word_1_197' title='bbox 845 2252 889 2302; x_wconf 91' lang='lat' dir='ltr'>Sic</span> <span class='ocrx_word' id='word_1_198' title='bbox 900 2260 929 2303; x_wconf 93' lang='lat' dir='ltr'>ot</span> <span class='ocrx_word' id='word_1_199' title='bbox 938 2254 1004 2303; x_wconf 87' lang='lat' dir='ltr'>iram</span> <span class='ocrx_word' id='word_1_200' title='bbox 1013 2260 1118 2304; x_wconf 85' lang='lat' dir='ltr'>moveat</span> <span class='ocrx_word' id='word_1_201' title='bbox 1126 2252 1248 2313; x_wconf 87' lang='lat' dir='ltr'>Cassius,</span> <span class='ocrx_word' id='word_1_202' title='bbox 1260 2261 1352 2298; x_wconf 89' lang='lat' dir='ltr'>conce·</span> 
     </span>
     <span class='ocr_line' id='line_1_23' title="bbox 240 2328 1353 2394; baseline -0.008 -15"><span class='ocrx_word' id='word_1_203' title='bbox 240 2328 292 2379; x_wconf 84' lang='lat' dir='ltr'>Sed</span> <span class='ocrx_word' id='word_1_204' title='bbox 314 2329 372 2378; x_wconf 83' lang='lat' dir='ltr'>tibet</span> <span class='ocrx_word' id='word_1_205' title='bbox 393 2335 448 2379; x_wconf 85' lang='lat' dir='ltr'>ante</span> <span class='ocrx_word' id='word_1_206' title='bbox 469 2335 609 2392; x_wconf 79' lang='lat' dir='ltr'>argumenta</span> <span class='ocrx_word' id='word_1_207' title='bbox 629 2331 774 2393; x_wconf 79' lang='lat' dir='ltr'>conquirere,</span> <span class='ocrx_word' id='word_1_208' title='bbox 814 2328 853 2378; x_wconf 93' lang='lat' dir='ltr'>dit</span> <span class='ocrx_word' id='word_1_209' title='bbox 865 2330 1000 2394; x_wconf 85' lang='lat' dir='ltr'>plusquam</span> <span class='ocrx_word' id='word_1_210' title='bbox 1013 2329 1353 2392; x_wconf 87' lang='lat' dir='ltr'>petebatnraquoquume</span> 
     </span>
     <span class='ocr_line' id='line_1_24' title="bbox 241 2400 1352 2470; baseline -0.005 -17"><span class='ocrx_word' id='word_1_211' title='bbox 241 2404 313 2469; x_wconf 85' lang='lat' dir='ltr'>quasi</span> <span class='ocrx_word' id='word_1_212' title='bbox 333 2405 369 2457; x_wconf 88' lang='lat' dir='ltr'>sic</span> <span class='ocrx_word' id='word_1_213' title='bbox 390 2404 540 2469; x_wconf 86' lang='lat' dir='ltr'>scripsisset</span> <span class='ocrx_word' id='word_1_214' title='bbox 557 2404 686 2462; x_wconf 63' lang='lat' dir='ltr'>Tacitusr</span> <span class='ocrx_word' id='word_1_215' title='bbox 711 2404 775 2454; x_wconf 83' lang='lat' dir='ltr'>Pro·</span> <span class='ocrx_word' id='word_1_216' title='bbox 815 2405 939 2470; x_wconf 83' lang='lat' dir='ltr'>patribus.</span> <span class='ocrx_word' id='word_1_217' title='bbox 974 2406 1058 2456; x_wconf 90' lang='lat' dir='ltr'>Nemo</span> <span class='ocrx_word' id='word_1_218' title='bbox 1069 2406 1139 2455; x_wconf 80' lang='lat' dir='ltr'>eninr</span> <span class='ocrx_word' id='word_1_219' title='bbox 1153 2401 1285 2455; x_wconf 85' lang='lat' dir='ltr'>censebat</span> <span class='ocrx_word' id='word_1_220' title='bbox 1292 2400 1352 2464; x_wconf 84' lang='lat' dir='ltr'>juro</span> 
     </span>
     <span class='ocr_line' id='line_1_25' title="bbox 240 2472 1351 2544; baseline -0.006 -14"><span class='ocrx_word' id='word_1_221' title='bbox 240 2481 399 2544; x_wconf 58' lang='lat' dir='ltr'>&#39;nuntiemus</span> <span class='ocrx_word' id='word_1_222' title='bbox 410 2481 456 2530; x_wconf 87' lang='lat' dir='ltr'>sed</span> <span class='ocrx_word' id='word_1_223' title='bbox 476 2480 542 2530; x_wconf 91' lang='lat' dir='ltr'>libet</span> <span class='ocrx_word' id='word_1_224' title='bbox 555 2480 683 2544; x_wconf 88' lang='lat' dir='ltr'>inquirere</span> <span class='ocrx_word' id='word_1_225' title='bbox 695 2479 776 2543; x_wconf 85' lang='lat' dir='ltr'>prins,</span> <span class='ocrx_word' id='word_1_226' title='bbox 815 2495 911 2530; x_wconf 73' lang='lat' dir='ltr'>cesum</span> <span class='ocrx_word' id='word_1_227' title='bbox 922 2481 1067 2534; x_wconf 87' lang='lat' dir='ltr'>Pedanium</span> <span class='ocrx_word' id='word_1_228' title='bbox 1085 2472 1238 2542; x_wconf 34' lang='lat' dir='ltr'>videri,*sed</span> <span class='ocrx_word' id='word_1_229' title='bbox 1250 2483 1351 2526; x_wconf 84' lang='lat' dir='ltr'>tantum</span> 
     </span>
     <span class='ocr_line' id='line_1_26' title="bbox 242 2551 1352 2618; baseline -0.006 -12"><span class='ocrx_word' id='word_1_230' title='bbox 242 2570 275 2606; x_wconf 85' lang='lat' dir='ltr'>an</span> <span class='ocrx_word' id='word_1_231' title='bbox 287 2563 359 2606; x_wconf 88' lang='lat' dir='ltr'>recte</span> <span class='ocrx_word' id='word_1_232' title='bbox 379 2555 570 2618; x_wconf 82' lang='lat' dir='ltr'>pronuntiaturi</span> <span class='ocrx_word' id='word_1_233' title='bbox 588 2555 683 2603; x_wconf 83' lang='lat' dir='ltr'>aimus?</span> <span class='ocrx_word' id='word_1_234' title='bbox 701 2554 775 2617; x_wconf 89' lang='lat' dir='ltr'>quasi</span> <span class='ocrx_word' id='word_1_235' title='bbox 814 2556 900 2606; x_wconf 89' lang='lat' dir='ltr'>occidi</span> <span class='ocrx_word' id='word_1_236' title='bbox 911 2556 1033 2616; x_wconf 74' lang='lat' dir='ltr'>familiam</span> <span class='ocrx_word' id='word_1_237' title='bbox 1049 2572 1149 2618; x_wconf 76' lang='lat' dir='ltr'>ornum,</span> <span class='ocrx_word' id='word_1_238' title='bbox 1168 2561 1201 2604; x_wconf 89' lang='lat' dir='ltr'>ut</span> <span class='ocrx_word' id='word_1_239' title='bbox 1222 2553 1288 2618; x_wconf 90' lang='lat' dir='ltr'>qnid</span> <span class='ocrx_word' id='word_1_240' title='bbox 1305 2551 1352 2600; x_wconf 87' lang='lat' dir='ltr'>im·</span> 
     </span>
     <span class='ocr_line' id='line_1_27' title="bbox 237 2623 1350 2695; baseline -0.003 -16"><span class='ocrx_word' id='word_1_241' title='bbox 237 2629 292 2693; x_wconf 90' lang='lat' dir='ltr'>jam</span> <span class='ocrx_word' id='word_1_242' title='bbox 313 2631 424 2695; x_wconf 89' lang='lat' dir='ltr'>primum</span> <span class='ocrx_word' id='word_1_243' title='bbox 446 2631 478 2679; x_wconf 93' lang='lat' dir='ltr'>de</span> <span class='ocrx_word' id='word_1_244' title='bbox 498 2646 529 2679; x_wconf 91' lang='lat' dir='ltr'>ea</span> <span class='ocrx_word' id='word_1_245' title='bbox 547 2645 575 2679; x_wconf 87' lang='lat' dir='ltr'>re</span> <span class='ocrx_word' id='word_1_246' title='bbox 596 2623 776 2694; x_wconf 81' lang='lat' dir='ltr'>statueremus,</span> <span class='ocrx_word' id='word_1_247' title='bbox 814 2647 890 2681; x_wconf 84' lang='lat' dir='ltr'>ruane</span> <span class='ocrx_word' id='word_1_248' title='bbox 909 2633 1073 2695; x_wconf 88' lang='lat' dir='ltr'>rejiciebant,</span> <span class='ocrx_word' id='word_1_249' title='bbox 1089 2647 1149 2683; x_wconf 88' lang='lat' dir='ltr'>nam</span> <span class='ocrx_word' id='word_1_250' title='bbox 1170 2635 1305 2692; x_wconf 81' lang='lat' dir='ltr'>senatuque</span> <span class='ocrx_word' id='word_1_251' title='bbox 1324 2627 1350 2674; x_wconf 81' lang='lat' dir='ltr'>ia</span> 
     </span>
     <span class='ocr_line' id='line_1_28' title="bbox 242 2704 1350 2770; baseline 0.001 -18"><span class='ocrx_word' id='word_1_252' title='bbox 242 2705 315 2769; x_wconf 83' lang='lat' dir='ltr'>quasi</span> <span class='ocrx_word' id='word_1_253' title='bbox 326 2719 453 2768; x_wconf 88' lang='lat' dir='ltr'>nusquam</span> <span class='ocrx_word' id='word_1_254' title='bbox 471 2713 548 2753; x_wconf 84' lang='lat' dir='ltr'>autea</span> <span class='ocrx_word' id='word_1_255' title='bbox 560 2704 592 2752; x_wconf 89' lang='lat' dir='ltr'>de</span> <span class='ocrx_word' id='word_1_256' title='bbox 604 2707 661 2768; x_wconf 85' lang='lat' dir='ltr'>ipsa</span> <span class='ocrx_word' id='word_1_257' title='bbox 679 2705 776 2754; x_wconf 83' lang='lat' dir='ltr'>delibe-</span> <span class='ocrx_word' id='word_1_258' title='bbox 814 2708 865 2770; x_wconf 87' lang='lat' dir='ltr'>ipso</span> <span class='ocrx_word' id='word_1_259' title='bbox 885 2713 954 2758; x_wconf 65' lang='lat' dir='ltr'>aaut</span> <span class='ocrx_word' id='word_1_260' title='bbox 974 2708 1054 2757; x_wconf 84' lang='lat' dir='ltr'>stadia</span> <span class='ocrx_word' id='word_1_261' title='bbox 1074 2707 1174 2758; x_wconf 78' lang='lat' dir='ltr'>nimiam</span> <span class='ocrx_word' id='word_1_262' title='bbox 1199 2705 1350 2761; x_wconf 62' lang='lat' dir='ltr'>meatuum</span> 
     </span>
     <span class='ocr_line' id='line_1_29' title="bbox 242 2779 997 2846; baseline -0.001 -18"><span class='ocrx_word' id='word_1_263' title='bbox 242 2785 328 2828; x_wconf 84' lang='lat' dir='ltr'>ratum</span> <span class='ocrx_word' id='word_1_264' title='bbox 339 2785 384 2827; x_wconf 84' lang='lat' dir='ltr'>aut</span> <span class='ocrx_word' id='word_1_265' title='bbox 395 2779 565 2828; x_wconf 85' lang='lat' dir='ltr'>constitutum</span> <span class='ocrx_word' id='word_1_266' title='bbox 576 2786 654 2829; x_wconf 83' lang='lat' dir='ltr'>esset.</span> <span class='ocrx_word' id='word_1_267' title='bbox 767 2829 772 2835; x_wconf 76' lang='grc'><strong>,</strong></span> <span class='ocrx_word' id='word_1_268' title='bbox 814 2785 997 2846; x_wconf 63' lang='lat' dir='ltr'>ommatium,</span> 
     </span>
    </p>

    <p class='ocr_par' dir='ltr' id='par_1_7' title="bbox 219 2855 1350 3376">
     <span class='ocr_line' id='line_1_30' title="bbox 254 2855 1348 2926; baseline 0.005 -23"><span class='ocrx_word' id='word_1_269' title='bbox 254 2911 256 2918; x_wconf 21' lang='grc' dir='ltr'><strong><em>Α</em></strong></span> <span class='ocrx_word' id='word_1_270' title='bbox 276 2855 471 2920; x_wconf 79' lang='lat' dir='ltr'>Pronuntiemue]</span> <span class='ocrx_word' id='word_1_271' title='bbox 494 2856 536 2904; x_wconf 87' lang='lat' dir='ltr'>Ne</span> <span class='ocrx_word' id='word_1_272' title='bbox 548 2855 640 2905; x_wconf 87' lang='lat' dir='ltr'>seriem</span> <span class='ocrx_word' id='word_1_273' title='bbox 652 2855 775 2905; x_wconf 89' lang='lat' dir='ltr'>orationis</span> <span class='ocrx_word' id='word_1_274' title='bbox 848 2859 902 2910; x_wconf 89' lang='lat' dir='ltr'>Hic</span> <span class='ocrx_word' id='word_1_275' title='bbox 914 2860 994 2926; x_wconf 82' lang='lat' dir='ltr'>igitur</span> <span class='ocrx_word' id='word_1_276' title='bbox 1004 2875 1093 2911; x_wconf 87' lang='lat' dir='ltr'>sensus</span> <span class='ocrx_word' id='word_1_277' title='bbox 1104 2861 1156 2911; x_wconf 93' lang='lat' dir='ltr'>loci</span> <span class='ocrx_word' id='word_1_278' title='bbox 1165 2867 1226 2911; x_wconf 86' lang='lat' dir='ltr'>est:</span> <span class='ocrx_word' id='word_1_279' title='bbox 1239 2874 1276 2908; x_wconf 77' lang='lat' dir='ltr'>aa</span> <span class='ocrx_word' id='word_1_280' title='bbox 1286 2857 1348 2920; x_wconf 77' lang='lat' dir='ltr'>qaia,</span> 
     </span>
     <span class='ocr_line' id='line_1_31' title="bbox 243 2931 1350 3002; baseline -0.001 -20"><span class='ocrx_word' id='word_1_281' title='bbox 243 2944 385 2982; x_wconf 81' lang='lat' dir='ltr'>connexam</span> <span class='ocrx_word' id='word_1_282' title='bbox 397 2931 470 2979; x_wconf 89' lang='lat' dir='ltr'>simul</span> <span class='ocrx_word' id='word_1_283' title='bbox 482 2936 510 2979; x_wconf 89' lang='lat' dir='ltr'>et</span> <span class='ocrx_word' id='word_1_284' title='bbox 519 2931 587 2978; x_wconf 86' lang='lat' dir='ltr'>ctare</span> <span class='ocrx_word' id='word_1_285' title='bbox 597 2943 776 2996; x_wconf 83' lang='lat' dir='ltr'>semperquae·</span> <span class='ocrx_word' id='word_1_286' title='bbox 815 2941 845 2994; x_wconf 85' lang='lat' dir='ltr'>ut</span> <span class='ocrx_word' id='word_1_287' title='bbox 856 2936 959 3002; x_wconf 87' lang='lat' dir='ltr'>quidam</span> <span class='ocrx_word' id='word_1_288' title='bbox 977 2937 1087 3001; x_wconf 80' lang='lat' dir='ltr'>tingant,</span> <span class='ocrx_word' id='word_1_289' title='bbox 1103 2938 1206 2999; x_wconf 70' lang='lat' dir='ltr'>injurias</span> <span class='ocrx_word' id='word_1_290' title='bbox 1223 2935 1350 2986; x_wconf 69' lang='lat' dir='ltr'>mattae</span> 
     </span>
     <span class='ocr_line' id='line_1_32' title="bbox 242 3007 1348 3077; baseline -0.001 -19"><span class='ocrx_word' id='word_1_291' title='bbox 242 3022 285 3058; x_wconf 85' lang='lat' dir='ltr'>ras</span> <span class='ocrx_word' id='word_1_292' title='bbox 297 3007 365 3072; x_wconf 85' lang='lat' dir='ltr'>apud</span> <span class='ocrx_word' id='word_1_293' title='bbox 374 3007 492 3056; x_wconf 83' lang='lat' dir='ltr'>Tacitum</span> <span class='ocrx_word' id='word_1_294' title='bbox 504 3007 716 3057; x_wconf 83' lang='lat' dir='ltr'>concionantem:</span> <span class='ocrx_word' id='word_1_295' title='bbox 729 3007 773 3057; x_wconf 84' lang='lat' dir='ltr'>ab·</span> <span class='ocrx_word' id='word_1_296' title='bbox 813 3017 849 3062; x_wconf 81' lang='lat' dir='ltr'>eet</span> <span class='ocrx_word' id='word_1_297' title='bbox 859 3010 1014 3071; x_wconf 79' lang='lat' dir='ltr'>interfector?</span> <span class='ocrx_word' id='word_1_298' title='bbox 1038 3029 1070 3062; x_wconf 80' lang='lat' dir='ltr'>aa</span> <span class='ocrx_word' id='word_1_299' title='bbox 1086 3015 1142 3076; x_wconf 83' lang='lat' dir='ltr'>qaia</span> <span class='ocrx_word' id='word_1_300' title='bbox 1159 3016 1189 3064; x_wconf 87' lang='lat' dir='ltr'>de</span> <span class='ocrx_word' id='word_1_301' title='bbox 1198 3017 1301 3077; x_wconf 79' lang='lat' dir='ltr'>paterae</span> <span class='ocrx_word' id='word_1_302' title='bbox 1308 3021 1348 3072; x_wconf 73' lang='lat' dir='ltr'>pe</span> 
     </span>
     <span class='ocr_line' id='line_1_33' title="bbox 242 3083 1350 3152; baseline -0.005 -18"><span class='ocrx_word' id='word_1_303' title='bbox 242 3084 338 3149; x_wconf 77' lang='lat' dir='ltr'>scissus</span> <span class='ocrx_word' id='word_1_304' title='bbox 349 3090 377 3132; x_wconf 90' lang='lat' dir='ltr'>et</span> <span class='ocrx_word' id='word_1_305' title='bbox 388 3083 514 3147; x_wconf 89' lang='lat' dir='ltr'>abruptus</span> <span class='ocrx_word' id='word_1_306' title='bbox 532 3083 617 3138; x_wconf 72' lang='lat' dir='ltr'>Taciti</span> <span class='ocrx_word' id='word_1_307' title='bbox 631 3085 719 3146; x_wconf 82' lang='lat' dir='ltr'>genius</span> <span class='ocrx_word' id='word_1_308' title='bbox 732 3089 774 3134; x_wconf 84' lang='lat' dir='ltr'>est</span> <span class='ocrx_word' id='word_1_309' title='bbox 813 3087 883 3137; x_wconf 75' lang='lat' dir='ltr'>cunia</span> <span class='ocrx_word' id='word_1_310' title='bbox 901 3093 1049 3152; x_wconf 72' lang='lat' dir='ltr'>transegerat</span> <span class='ocrx_word' id='word_1_311' title='bbox 1068 3105 1128 3139; x_wconf 90' lang='lat' dir='ltr'>cum</span> <span class='ocrx_word' id='word_1_312' title='bbox 1148 3090 1253 3139; x_wconf 90' lang='lat' dir='ltr'>domiuo</span> <span class='ocrx_word' id='word_1_313' title='bbox 1275 3086 1307 3138; x_wconf 88' lang='lat' dir='ltr'>de</span> <span class='ocrx_word' id='word_1_314' title='bbox 1320 3083 1350 3132; x_wconf 82' lang='lat' dir='ltr'>li·</span> 
     </span>
     <span class='ocr_line' id='line_1_34' title="bbox 219 3159 1347 3232; baseline -0.003 -20"><span class='ocrx_word' id='word_1_315' title='bbox 219 3227 221 3232; x_wconf 28' lang='grc' dir='ltr'>Ι</span> <span class='ocrx_word' id='word_1_316' title='bbox 243 3161 454 3212; x_wconf 84' lang='lat' dir='ltr'>inorationibus:</span> <span class='ocrx_word' id='word_1_317' title='bbox 472 3163 561 3220; x_wconf 84' lang='lat' dir='ltr'>statim</span> <span class='ocrx_word' id='word_1_318' title='bbox 572 3159 604 3208; x_wconf 83' lang='lat' dir='ltr'>ad</span> <span class='ocrx_word' id='word_1_319' title='bbox 614 3161 663 3208; x_wconf 83' lang='lat' dir='ltr'>alia</span> <span class='ocrx_word' id='word_1_320' title='bbox 672 3160 775 3223; x_wconf 86' lang='lat' dir='ltr'>transit,</span> <span class='ocrx_word' id='word_1_321' title='bbox 813 3163 983 3218; x_wconf 80' lang='lat' dir='ltr'>bertatesuai</span> <span class='ocrx_word' id='word_1_322' title='bbox 1000 3159 1347 3231; x_wconf 78' lang='lat' dir='ltr'>anquiaaoitusnmaaeipium</span> 
     </span>
     <span class='ocr_line' id='line_1_35' title="bbox 244 3233 1346 3304; baseline -0.004 -18"><span class='ocrx_word' id='word_1_323' title='bbox 244 3251 314 3301; x_wconf 82' lang='lat' dir='ltr'>saepe</span> <span class='ocrx_word' id='word_1_324' title='bbox 325 3252 376 3285; x_wconf 91' lang='lat' dir='ltr'>non</span> <span class='ocrx_word' id='word_1_325' title='bbox 392 3237 452 3285; x_wconf 84' lang='lat' dir='ltr'>satis</span> <span class='ocrx_word' id='word_1_326' title='bbox 469 3239 598 3300; x_wconf 86' lang='lat' dir='ltr'>completo</span> <span class='ocrx_word' id='word_1_327' title='bbox 609 3251 694 3302; x_wconf 86' lang='lat' dir='ltr'>seusa,</span> <span class='ocrx_word' id='word_1_328' title='bbox 707 3244 735 3287; x_wconf 90' lang='lat' dir='ltr'>et</span> <span class='ocrx_word' id='word_1_329' title='bbox 746 3252 774 3286; x_wconf 86' lang='lat' dir='ltr'>se</span> <span class='ocrx_word' id='word_1_330' title='bbox 814 3238 853 3294; x_wconf 85' lang='lat' dir='ltr'>iiii</span> <span class='ocrx_word' id='word_1_331' title='bbox 881 3237 1058 3303; x_wconf 85' lang='lat' dir='ltr'>auferebatur,</span> <span class='ocrx_word' id='word_1_332' title='bbox 1085 3240 1145 3296; x_wconf 78' lang='lat' dir='ltr'>ideo</span> <span class='ocrx_word' id='word_1_333' title='bbox 1171 3233 1346 3304; x_wconf 85' lang='lat' dir='ltr'>pronuntiabi·</span> 
     </span>
     <span class='ocr_line' id='line_1_36' title="bbox 243 3305 1345 3376; baseline 0.006 -15"><span class='ocrx_word' id='word_1_334' title='bbox 243 3310 343 3376; x_wconf 79' lang='lat' dir='ltr'>legenti</span> <span class='ocrx_word' id='word_1_335' title='bbox 361 3311 479 3360; x_wconf 78' lang='lat' dir='ltr'>suffurari</span> <span class='ocrx_word' id='word_1_336' title='bbox 491 3319 570 3361; x_wconf 86' lang='lat' dir='ltr'>amet.</span> <span class='ocrx_word' id='word_1_337' title='bbox 768 3356 771 3363; x_wconf 88' lang='lat'><em>.</em></span> <span class='ocrx_word' id='word_1_338' title='bbox 813 3329 880 3373; x_wconf 88' lang='lat' dir='ltr'>mus,</span> <span class='ocrx_word' id='word_1_339' title='bbox 890 3315 952 3364; x_wconf 84' lang='lat' dir='ltr'>ultro</span> <span class='ocrx_word' id='word_1_340' title='bbox 960 3315 1144 3375; x_wconf 73' lang='lat' dir='ltr'>domiuumjrue</span> <span class='ocrx_word' id='word_1_341' title='bbox 1153 3331 1241 3367; x_wconf 80' lang='lat' dir='ltr'>cerum</span> <span class='ocrx_word' id='word_1_342' title='bbox 1251 3305 1345 3367; x_wconf 61' lang='lat' dir='ltr'>videri?</span> 
     </span>
    </p>

    <p class='ocr_par' dir='ltr' id='par_1_8' title="bbox 245 3388 1347 3611">
     <span class='ocr_line' id='line_1_37' title="bbox 260 3388 1345 3458; baseline 0.004 -20"><span class='ocrx_word' id='word_1_343' title='bbox 260 3389 328 3458; x_wconf 45' lang='lat' dir='ltr'>,Sed</span> <span class='ocrx_word' id='word_1_344' title='bbox 338 3388 442 3451; x_wconf 79' lang='lat' dir='ltr'>genium</span> <span class='ocrx_word' id='word_1_345' title='bbox 461 3388 531 3436; x_wconf 90' lang='lat' dir='ltr'>illum</span> <span class='ocrx_word' id='word_1_346' title='bbox 546 3389 640 3437; x_wconf 87' lang='lat' dir='ltr'>sectari</span> <span class='ocrx_word' id='word_1_347' title='bbox 653 3390 736 3439; x_wconf 85' lang='lat' dir='ltr'>animo</span> <span class='ocrx_word' id='word_1_348' title='bbox 748 3396 775 3439; x_wconf 88' lang='lat' dir='ltr'>et</span> <span class='ocrx_word' id='word_1_349' title='bbox 847 3390 918 3439; x_wconf 89' lang='lat' dir='ltr'>Nom</span> <span class='ocrx_word' id='word_1_350' title='bbox 940 3390 1027 3454; x_wconf 88' lang='lat' dir='ltr'>potius</span> <span class='ocrx_word' id='word_1_351' title='bbox 1045 3392 1102 3440; x_wconf 82' lang='lat' dir='ltr'>tibet</span> <span class='ocrx_word' id='word_1_352' title='bbox 1124 3399 1185 3442; x_wconf 87' lang='lat' dir='ltr'>ante</span> <span class='ocrx_word' id='word_1_353' title='bbox 1207 3391 1345 3453; x_wconf 66' lang='lat' dir='ltr'>argum</span> 
     </span>
     <span class='ocr_line' id='line_1_38' title="bbox 245 3462 1346 3534; baseline 0.001 -20"><span class='ocrx_word' id='word_1_354' title='bbox 245 3477 305 3514; x_wconf 85' lang='lat' dir='ltr'>cam</span> <span class='ocrx_word' id='word_1_355' title='bbox 320 3464 366 3512; x_wconf 87' lang='lat' dir='ltr'>illo</span> <span class='ocrx_word' id='word_1_356' title='bbox 385 3463 493 3512; x_wconf 79' lang='lat' dir='ltr'>transire</span> <span class='ocrx_word' id='word_1_357' title='bbox 516 3463 548 3511; x_wconf 88' lang='lat' dir='ltr'>ad</span> <span class='ocrx_word' id='word_1_358' title='bbox 571 3462 675 3512; x_wconf 83' lang='lat' dir='ltr'>diversa</span> <span class='ocrx_word' id='word_1_359' title='bbox 697 3464 775 3513; x_wconf 87' lang='lat' dir='ltr'>debe·</span> <span class='ocrx_word' id='word_1_360' title='bbox 815 3469 958 3533; x_wconf 76' lang='lat' dir='ltr'>conquirere,</span> <span class='ocrx_word' id='word_1_361' title='bbox 980 3470 1073 3534; x_wconf 90' lang='lat' dir='ltr'>quibus</span> <span class='ocrx_word' id='word_1_362' title='bbox 1092 3470 1237 3525; x_wconf 82' lang='lat' dir='ltr'>manifeste·</span> <span class='ocrx_word' id='word_1_363' title='bbox 1250 3470 1346 3532; x_wconf 84' lang='lat' dir='ltr'>pateat,</span> 
     </span>
     <span class='ocr_line' id='line_1_39' title="bbox 245 3537 1347 3611; baseline -0.001 -26"><span class='ocrx_word' id='word_1_364' title='bbox 245 3551 313 3608; x_wconf 77' lang='lat' dir='ltr'>mus,</span> <span class='ocrx_word' id='word_1_365' title='bbox 324 3544 351 3588; x_wconf 86' lang='lat' dir='ltr'>et</span> <span class='ocrx_word' id='word_1_366' title='bbox 361 3544 517 3586; x_wconf 87' lang='lat' dir='ltr'>connectere</span> <span class='ocrx_word' id='word_1_367' title='bbox 529 3552 613 3599; x_wconf 86' lang='lat' dir='ltr'>seusa,</span> <span class='ocrx_word' id='word_1_368' title='bbox 624 3552 674 3586; x_wconf 88' lang='lat' dir='ltr'>noo</span> <span class='ocrx_word' id='word_1_369' title='bbox 688 3537 775 3601; x_wconf 88' lang='lat' dir='ltr'>verba,</span> <span class='ocrx_word' id='word_1_370' title='bbox 817 3560 892 3610; x_wconf 67' lang='lat' dir='ltr'>quam</span> <span class='ocrx_word' id='word_1_371' title='bbox 904 3546 1037 3608; x_wconf 56' lang='lat' dir='ltr'>sapienter</span> <span class='ocrx_word' id='word_1_372' title='bbox 1050 3545 1085 3594; x_wconf 63' lang='lat' dir='ltr'>ab</span> <span class='ocrx_word' id='word_1_373' title='bbox 1101 3547 1213 3611; x_wconf 60' lang='lat' dir='ltr'>antiquis</span> <span class='ocrx_word' id='word_1_374' title='bbox 1225 3543 1347 3594; x_wconf 66' lang='lat' dir='ltr'>delibera·</span> 
     </span>
    </p>
   </div>
   <div class='ocr_carea' id='block_1_5' title="bbox 245 3613 1473 3689">
    <p class='ocr_par' dir='ltr' id='par_1_9' title="bbox 245 3613 1473 3689">
     <span class='ocr_line' id='line_1_40' title="bbox 245 3613 1473 3689; baseline 0.001 -25"><span class='ocrx_word' id='word_1_375' title='bbox 245 3614 315 3672; x_wconf 66' lang='lat' dir='ltr'>barud</span> <span class='ocrx_word' id='word_1_376' title='bbox 323 3613 459 3672; x_wconf 78' lang='lat' dir='ltr'>admodum</span> <span class='ocrx_word' id='word_1_377' title='bbox 473 3614 554 3676; x_wconf 81' lang='lat' dir='ltr'>anxii,</span> <span class='ocrx_word' id='word_1_378' title='bbox 565 3615 586 3662; x_wconf 87' lang='lat' dir='ltr'>si</span> <span class='ocrx_word' id='word_1_379' title='bbox 596 3629 684 3664; x_wconf 89' lang='lat' dir='ltr'>semus</span> <span class='ocrx_word' id='word_1_380' title='bbox 697 3615 776 3664; x_wconf 89' lang='lat' dir='ltr'>inter·</span> <span class='ocrx_word' id='word_1_381' title='bbox 817 3627 872 3680; x_wconf 87' lang='lat' dir='ltr'>tum</span> <span class='ocrx_word' id='word_1_382' title='bbox 884 3623 919 3671; x_wconf 87' lang='lat' dir='ltr'>sit</span> <span class='ocrx_word' id='word_1_383' title='bbox 929 3622 962 3672; x_wconf 90' lang='lat' dir='ltr'>de</span> <span class='ocrx_word' id='word_1_384' title='bbox 979 3623 1089 3689; x_wconf 69' lang='lat' dir='ltr'>ingenio</span> <span class='ocrx_word' id='word_1_385' title='bbox 1102 3630 1131 3672; x_wconf 89' lang='lat' dir='ltr'>et</span> <span class='ocrx_word' id='word_1_386' title='bbox 1150 3621 1280 3686; x_wconf 86' lang='lat' dir='ltr'>pravitate</span> <span class='ocrx_word' id='word_1_387' title='bbox 1292 3629 1342 3668; x_wconf 71' lang='lat' dir='ltr'>serr</span> <span class='ocrx_word' id='word_1_388' title='bbox 1393 3646 1397 3653; x_wconf 51' lang='grc' dir='ltr'><em>ι</em></span> <span class='ocrx_word' id='word_1_389' title='bbox 1469 3643 1473 3652; x_wconf 87' lang='grc'><strong>-</strong></span> 
     </span>
    </p>
   </div>
   <div class='ocr_carea' id='block_1_6' title="bbox 243 3689 1346 4297">
    <p class='ocr_par' dir='ltr' id='par_1_10' title="bbox 243 3689 928 3758">
     <span class='ocr_line' id='line_1_41' title="bbox 243 3689 928 3758; baseline 0.003 -19"><span class='ocrx_word' id='word_1_390' title='bbox 243 3697 336 3758; x_wconf 82' lang='lat' dir='ltr'>ruptus</span> <span class='ocrx_word' id='word_1_391' title='bbox 358 3689 401 3751; x_wconf 88' lang='lat' dir='ltr'>sit,</span> <span class='ocrx_word' id='word_1_392' title='bbox 422 3703 516 3754; x_wconf 86' lang='lat' dir='ltr'>neque,</span> <span class='ocrx_word' id='word_1_393' title='bbox 537 3689 654 3738; x_wconf 85' lang='lat' dir='ltr'>videatur</span> <span class='ocrx_word' id='word_1_394' title='bbox 673 3691 776 3749; x_wconf 85' lang='lat' dir='ltr'>omnino</span> <span class='ocrx_word' id='word_1_395' title='bbox 818 3699 928 3753; x_wconf 58' lang='lat' dir='ltr'>vorum(</span> 
     </span>
    </p>

    <p class='ocr_par' dir='ltr' id='par_1_11' title="bbox 243 3764 1346 4297">
     <span class='ocr_line' id='line_1_42' title="bbox 243 3764 1343 3836; baseline 0.006 -23"><span class='ocrx_word' id='word_1_396' title='bbox 243 3767 487 3830; x_wconf 81' lang='lat' dir='ltr'>¹completus,que1n</span> <span class='ocrx_word' id='word_1_397' title='bbox 499 3780 544 3813; x_wconf 88' lang='lat' dir='ltr'>nos</span> <span class='ocrx_word' id='word_1_398' title='bbox 556 3764 603 3828; x_wconf 90' lang='lat' dir='ltr'>ipsi</span> <span class='ocrx_word' id='word_1_399' title='bbox 615 3765 723 3828; x_wconf 89' lang='lat' dir='ltr'>impiere</span> <span class='ocrx_word' id='word_1_400' title='bbox 733 3766 777 3821; x_wconf 86' lang='lat' dir='ltr'>dc·</span> <span class='ocrx_word' id='word_1_401' title='bbox 822 3817 825 3822; x_wconf 69' lang='grc'><strong>,</strong></span> <span class='ocrx_word' id='word_1_402' title='bbox 850 3773 1045 3828; x_wconf 52' lang='lat' dir='ltr'>veniarum:</span> <span class='ocrx_word' id='word_1_403' title='bbox 1065 3791 1102 3825; x_wconf 65' lang='grc' dir='ltr'>,α</span> <span class='ocrx_word' id='word_1_404' title='bbox 1112 3772 1343 3836; x_wconf 57' lang='grc' dir='ltr'>ἐψήωωωκϋν</span> 
     </span>
     <span class='ocr_line' id='line_1_43' title="bbox 245 3841 1346 3916; baseline 0.01 -27"><span class='ocrx_word' id='word_1_405' title='bbox 245 3841 344 3892; x_wconf 88' lang='lat' dir='ltr'>bemus.</span> <span class='ocrx_word' id='word_1_406' title='bbox 378 3843 421 3890; x_wconf 85' lang='lat' dir='ltr'>Sic</span> <span class='ocrx_word' id='word_1_407' title='bbox 433 3841 514 3888; x_wconf 88' lang='lat' dir='ltr'>voluit</span> <span class='ocrx_word' id='word_1_408' title='bbox 525 3841 639 3890; x_wconf 85' lang='lat' dir='ltr'>breviter</span> <span class='ocrx_word' id='word_1_409' title='bbox 650 3848 678 3891; x_wconf 91' lang='lat' dir='ltr'>et</span> <span class='ocrx_word' id='word_1_410' title='bbox 688 3845 778 3903; x_wconf 67' lang='grc' dir='ltr'><strong><em>σεμνῶς</em></strong></span> <span class='ocrx_word' id='word_1_411' title='bbox 817 3854 853 3898; x_wconf 79' lang='lat' dir='ltr'>est</span> <span class='ocrx_word' id='word_1_412' title='bbox 870 3848 1018 3913; x_wconf 76' lang='lat' dir='ltr'>interfector,</span> <span class='ocrx_word' id='word_1_413' title='bbox 1034 3852 1089 3914; x_wconf 82' lang='lat' dir='ltr'>qaia</span> <span class='ocrx_word' id='word_1_414' title='bbox 1104 3867 1187 3916; x_wconf 73' lang='lat' dir='ltr'>sempe</span> <span class='ocrx_word' id='word_1_415' title='bbox 1202 3855 1231 3902; x_wconf 82' lang='lat' dir='ltr'>de</span> <span class='ocrx_word' id='word_1_416' title='bbox 1246 3853 1346 3914; x_wconf 76' lang='lat' dir='ltr'>potem</span> 
     </span>
     <span class='ocr_line' id='line_1_44' title="bbox 244 3915 1344 3990; baseline 0.008 -26"><span class='ocrx_word' id='word_1_417' title='bbox 244 3917 326 3980; x_wconf 85' lang='lat' dir='ltr'>loqui,</span> <span class='ocrx_word' id='word_1_418' title='bbox 337 3925 364 3964; x_wconf 89' lang='lat' dir='ltr'>et</span> <span class='ocrx_word' id='word_1_419' title='bbox 375 3915 442 3980; x_wconf 89' lang='lat' dir='ltr'>quod</span> <span class='ocrx_word' id='word_1_420' title='bbox 456 3915 515 3963; x_wconf 88' lang='lat' dir='ltr'>silet</span> <span class='ocrx_word' id='word_1_421' title='bbox 532 3915 586 3977; x_wconf 88' lang='lat' dir='ltr'>iile,</span> <span class='ocrx_word' id='word_1_422' title='bbox 602 3915 739 3966; x_wconf 84' lang='lat' dir='ltr'>facundius</span> <span class='ocrx_word' id='word_1_423' title='bbox 750 3926 777 3966; x_wconf 90' lang='lat' dir='ltr'>et</span> <span class='ocrx_word' id='word_1_424' title='bbox 814 3926 914 3988; x_wconf 70' lang='lat' dir='ltr'>perusio</span> <span class='ocrx_word' id='word_1_425' title='bbox 930 3925 1098 3988; x_wconf 74' lang='lat' dir='ltr'>transegerat?</span> <span class='ocrx_word' id='word_1_426' title='bbox 1113 3930 1155 3990; x_wconf 71' lang='lat' dir='ltr'>irc.</span> <span class='ocrx_word' id='word_1_427' title='bbox 1192 3931 1290 3978; x_wconf 85' lang='lat' dir='ltr'>Recte:</span> <span class='ocrx_word' id='word_1_428' title='bbox 1306 3921 1344 3973; x_wconf 82' lang='lat' dir='ltr'>uit</span> 
     </span>
     <span class='ocr_line' id='line_1_45' title="bbox 244 3989 1341 4066; baseline 0.01 -25"><span class='ocrx_word' id='word_1_429' title='bbox 244 3989 326 4057; x_wconf 81' lang='lat' dir='ltr'>majus</span> <span class='ocrx_word' id='word_1_430' title='bbox 336 4001 383 4053; x_wconf 80' lang='lat' dir='ltr'>ent,</span> <span class='ocrx_word' id='word_1_431' title='bbox 394 4006 470 4056; x_wconf 92' lang='lat' dir='ltr'>quam</span> <span class='ocrx_word' id='word_1_432' title='bbox 481 3991 550 4054; x_wconf 92' lang='lat' dir='ltr'>quod</span> <span class='ocrx_word' id='word_1_433' title='bbox 562 3993 605 4041; x_wconf 87' lang='lat' dir='ltr'>aiii</span> <span class='ocrx_word' id='word_1_434' title='bbox 616 3993 774 4057; x_wconf 88' lang='lat' dir='ltr'>loquuntur:</span> <span class='ocrx_word' id='word_1_435' title='bbox 816 4002 851 4060; x_wconf 57' lang='grc' dir='ltr'>(ξε</span> <span class='ocrx_word' id='word_1_436' title='bbox 862 4002 946 4052; x_wconf 68' lang='lat' dir='ltr'>causis</span> <span class='ocrx_word' id='word_1_437' title='bbox 954 4002 1131 4066; x_wconf 69' lang='lat' dir='ltr'>pronuntiemus</span> <span class='ocrx_word' id='word_1_438' title='bbox 1147 4006 1217 4065; x_wconf 76' lang='lat' dir='ltr'>uitro,</span> <span class='ocrx_word' id='word_1_439' title='bbox 1228 4001 1341 4051; x_wconf 62' lang='lat' dir='ltr'>domim</span> 
     </span>
     <span class='ocr_line' id='line_1_46' title="bbox 245 4068 1345 4139; baseline 0.006 -21"><span class='ocrx_word' id='word_1_440' title='bbox 245 4069 438 4133; x_wconf 71' lang='lat' dir='ltr'>etqunndoque</span> <span class='ocrx_word' id='word_1_441' title='bbox 457 4068 577 4132; x_wconf 91' lang='lat' dir='ltr'>supplere</span> <span class='ocrx_word' id='word_1_442' title='bbox 597 4083 644 4132; x_wconf 90' lang='lat' dir='ltr'>per</span> <span class='ocrx_word' id='word_1_443' title='bbox 662 4077 777 4118; x_wconf 87' lang='lat' dir='ltr'>mentem</span> <span class='ocrx_word' id='word_1_444' title='bbox 810 4079 962 4139; x_wconf 60' lang='lat' dir='ltr'>juremus„</span> <span class='ocrx_word' id='word_1_445' title='bbox 973 4079 1057 4128; x_wconf 59' lang='lat' dir='ltr'>videri</span> <span class='ocrx_word' id='word_1_446' title='bbox 1091 4080 1144 4129; x_wconf 76' lang='lat' dir='ltr'>Sed</span> <span class='ocrx_word' id='word_1_447' title='bbox 1159 4080 1345 4138; x_wconf 68' lang='lat' dir='ltr'>amntibetptv</span> 
     </span>
     <span class='ocr_line' id='line_1_47' title="bbox 246 4143 1280 4219; baseline 0.011 -29"><span class='ocrx_word' id='word_1_448' title='bbox 246 4143 342 4217; x_wconf 84' lang='lat' dir='ltr'>¹aliquid</span> <span class='ocrx_word' id='word_1_449' title='bbox 354 4145 485 4207; x_wconf 81' lang='lat' dir='ltr'>debemus,</span> <span class='ocrx_word' id='word_1_450' title='bbox 496 4150 575 4208; x_wconf 85' lang='lat' dir='ltr'>etque</span> <span class='ocrx_word' id='word_1_451' title='bbox 585 4145 715 4194; x_wconf 87' lang='lat' dir='ltr'>interdum</span> <span class='ocrx_word' id='word_1_452' title='bbox 725 4145 779 4196; x_wconf 88' lang='lat' dir='ltr'>ani·</span> <span class='ocrx_word' id='word_1_453' title='bbox 819 4156 868 4206; x_wconf 66' lang='lat' dir='ltr'>flu,</span> <span class='ocrx_word' id='word_1_454' title='bbox 878 4163 1032 4218; x_wconf 64' lang='lat' dir='ltr'>argumenta</span> <span class='ocrx_word' id='word_1_455' title='bbox 1042 4157 1214 4219; x_wconf 78' lang='lat' dir='ltr'>conquirere?</span> <span class='ocrx_word' id='word_1_456' title='bbox 1232 4160 1280 4202; x_wconf 71' lang='lat' dir='ltr'>dic.</span> 
     </span>
     <span class='ocr_line' id='line_1_48' title="bbox 246 4220 1342 4297; baseline 0.003 -19"><span class='ocrx_word' id='word_1_457' title='bbox 246 4232 317 4278; x_wconf 69' lang='lat' dir='ltr'>muta</span> <span class='ocrx_word' id='word_1_458' title='bbox 335 4227 452 4274; x_wconf 88' lang='lat' dir='ltr'>nostrum</span> <span class='ocrx_word' id='word_1_459' title='bbox 470 4222 640 4290; x_wconf 80' lang='lat' dir='ltr'>suspendere,</span> <span class='ocrx_word' id='word_1_460' title='bbox 657 4221 726 4275; x_wconf 80' lang='lat' dir='ltr'>illius</span> <span class='ocrx_word' id='word_1_461' title='bbox 744 4222 779 4274; x_wconf 88' lang='lat' dir='ltr'>ad</span> <span class='ocrx_word' id='word_1_462' title='bbox 848 4228 955 4295; x_wconf 64' lang='lat' dir='ltr'>{Libet}</span> <span class='ocrx_word' id='word_1_463' title='bbox 978 4229 1072 4297; x_wconf 83' lang='lat' dir='ltr'>idest,</span> <span class='ocrx_word' id='word_1_464' title='bbox 1090 4231 1150 4282; x_wconf 82' lang='lat' dir='ltr'>volo</span> <span class='ocrx_word' id='word_1_465' title='bbox 1167 4231 1195 4282; x_wconf 90' lang='lat' dir='ltr'>in</span> <span class='ocrx_word' id='word_1_466' title='bbox 1210 4220 1342 4282; x_wconf 64' lang='lat' dir='ltr'>dromo</span> 
     </span>
    </p>
   </div>
   <div class='ocr_carea' id='block_1_7' title="bbox 0 0 1496 4850">
    <p class='ocr_par' dir='ltr' id='par_1_12' title="bbox 0 0 1496 4850">
     <span class='ocr_line' id='line_1_49' title="bbox 0 0 1496 4850; baseline 0 0"><span class='ocrx_word' id='word_1_467' title='bbox 0 0 1496 4850; x_wconf 95' lang='lat' dir='ltr'> </span> 
     </span>
    </p>
   </div>
  </div>
 </body>
</html>
