2984 4850
247 379 334 446 18⁷8
408 416 410 420 -
592 389 994 440 c.uousanrrraorr1·
1124 345 1129 353 ’
1184 390 1345 467 [numan

716 523 720 534 ’
746 530 853 582 NOTAE

248 660 546 702 sacramentaneus.
559 659 683 698 arcanae.
710 645 777 696 Ideo
848 643 974 696 Quamvis
984 642 1010 693 id
1021 651 1139 707 ueterum
1151 642 1280 694 institutis
1289 659 1349 696 con-

247 723 415 788 sequentibus
423 721 582 785 principibus
589 721 692 770 bonoria
699 735 777 770 causa
817 721 923 770 trarium
934 727 1013 779 esset,
1024 721 1126 786 quibua,
1141 721 1183 770 vel
1197 721 1299 772 modico
1310 737 1349 770 se·

247 795 337 848 daturn
361 797 406 860 jus
431 797 527 858 tertiae,
549 803 658 860 quartae,
679 797 776 861 quintae
817 796 903 844 natori
914 810 1059 858 proponere
1079 796 1176 847 licebat
1195 797 1348 860 quicquidc

247 873 394 922 relationis:
412 871 439 920 ld
451 879 500 932 est,
520 886 561 920 me
578 872 733 934 interprete,
746 878 777 920 nt
817 871 922 934 Repub.
931 885 987 920 esse
997 878 1126 933 censeret,
1135 879 1163 921 et
1173 873 1263 921 statim
1271 871 1299 920 iel
1308 885 1349 920 re-

248 949 351 1014 nunties
364 947 481 998 consules
492 947 541 1011 ipsi
553 962 603 996 uon
614 955 710 1009 essent,
722 955 777 998 tres
816 945 919 996 serebat
933 949 1039 1005 consul:
1055 949 1102 997 aed
1120 949 1168 998 sab
1188 948 1349 1012 principibus
1413 947 1419 954 '

247 1023 417 1083 nihilominus,
429 1030 546 1086 quatuor,
558 1023 726 1087 autquinque
738 1037 777 1072 re·
817 1023 880 1071 nihil
888 1022 946 1075 fere
956 1024 1198 1086 priacimoria,nibil
1208 1026 1281 1074 licuit
1291 1039 1351 1074 cou-

248 1099 357 1148 latinues
377 1097 464 1149 facere
483 1105 607 1163 possent:
626 1114 677 1163 qrra
696 1099 728 1148 de
749 1113 778 1148 re
817 1093 1046 1150 suliautsenatui.
1079 1101 1146 1150 Tum
1159 1100 1240 1148 libido
1253 1100 1348 1162 princi·

248 1187 358 1238 cumque
368 1173 398 1222 iis
410 1175 493 1226 vuum
505 1181 581 1224 esset.
817 1174 859 1236 pis
871 1189 918 1236 pro
934 1176 1034 1224 ratione
1045 1183 1073 1225 et
1084 1177 1143 1238 lege
1152 1173 1214 1236 fuit,
1229 1174 1280 1238 ipsi
1290 1188 1349 1224 con·

279 1251 400 1300 Solenuia
408 1253 561 1301 relationum
571 1251 650 1302 verba
661 1251 778 1302 esneto·
817 1249 886 1296 soles
898 1250 1095 1313 corruptissimi,
1107 1258 1153 1298 aut
1169 1248 1238 1298 torte
1249 1264 1282 1298 ne
1294 1250 1349 1312 qui·

248 1319 285 1376 n'il
294 1325 377 1388 Calig.
390 1341 446 1390 cap.
457 1333 495 1377 tn.
506 1329 563 1377 lraec
573 1327 667 1377 didicis
679 1329 687 1356 ‘
700 1326 778 1378 Quot
818 1323 877 1372 deur
894 1326 1013 1373 consules
1030 1325 1080 1374 nisi
1096 1325 1175 1373 verbo
1195 1332 1280 1385 tenus,
1293 1324 1348 1387 Jam

251 1401 345 1451 bouum
356 1401 471 1466 felixque
492 1403 526 1452 sit
537 1404 568 1454 C.
581 1403 686 1466 Caessri,
697 1404 730 1453 de
741 1405 777 1453 N.
818 1405 941 1465 corrupta
948 1401 1093 1465 Republica
1101 1409 1129 1450 et
1138 1400 1269 1449 exstincta
1276 1400 1350 1449 liber·

248 1475 341 1526 Patres
353 1476 505 1542 conscripti,
517 1477 578 1543 quid
592 1477 650 1528 fieri
666 1477 778 1542 placetl'
819 1483 883 1528 tate.

248 1551 353 1615 lipsius
850 1552 973 1614 Relatum]
999 1549 1350 1613 Aliilegant,aecabaaeati·

249 1655 255 1670 ι
282 1625 404 1688 Relomrn]
431 1625 472 1677 Sic
481 1627 607 1691 intellige,
625 1628 779 1678 abaamibaa
818 1625 861 1676 tu
878 1627 1019 1687 munias,
1035 1642 1065 1675 aa
1080 1631 1110 1675 ale
1126 1641 1154 1675 rc
1170 1629 1282 1675 relatura.
1312 1627 1350 1674 Et

247 1703 377 1752 conalibus
387 1717 415 1751 eu
425 1704 454 1752 de
463 1717 490 1753 rc
498 1705 599 1752 relatam
609 1717 675 1765 esse,
686 1705 728 1752 rel
737 1704 780 1752 ab·
818 1701 888 1752 t'orte
901 1711 987 1767 potest
999 1703 1115 1767 suppleri
1129 1718 1219 1751 sensus
1231 1717 1264 1750 ex
1277 1708 1348 1751 ante·

248 1776 388 1826 nuentibns
407 1777 553 1827 consulibus
573 1793 605 1828 ea
621 1778 654 1828 de
666 1794 695 1828 re
713 1767 779 1829 reia·
818 1778 877 1827 ced.
886 1779 960 1828 istis:
973 1780 1029 1828 Noa
1039 1778 1349 1827 mammantes»

247 1858 320 1902 tum:
332 1852 376 1901 ubi
383 1855 492 1918 relatam,
500 1854 527 1902 id
539 1862 579 1904 est
588 1856 738 1912 relationem
749 1861 779 1904 ut
816 1853 900 1918 pepici
916 1855 1006 1917 pdait,
1022 1853 1168 1916 repetendo
1183 1851 1214 1900 sl
1231 1866 1288 1912 soa,
1303 1866 1347 1900 sen

247 1927 334 1977 irrisas
343 1929 506 1980 substantive
523 1931 632 1980 sumitur
643 1945 690 1994 pro
700 1931 779 1980 irrid-
819 1942 861 1976 acc
868 1928 1021 1977 abnuentibus
1029 1927 1168 1989 comtibus,
1179 1942 1207 1975 eu
1215 1928 1244 1974 de
1255 1941 1282 1974 re
1289 1927 1348 1974 relu-

248 2002 300 2066 orte,
314 2003 350 2053 sic
360 2005 449 2054 relatus
464 2019 510 2068 pro
520 2005 641 2054 relatione.
662 2009 665 2016 ⁴
819 2007 885 2053 mar:
896 2011 925 2053 et
934 2003 972 2053 sic
983 2002 1191 2069 intelligendum,
1201 2017 1252 2051 nou
1263 2002 1349 2066 legen·

246 2139 252 2150 ,
281 2080 370 2132 Habea
381 2080 489 2130 similem
509 2082 586 2144 plane
603 2081 686 2131 locum
704 2081 722 2130 1.
734 2095 779 2132 ιιι.
819 2077 890 2128 dnm.
1079 2077 1083 2084 '

249 2157 290 2203 ³³.
311 2153 356 2204 ubi
376 2154 484 2204 Severus
506 2154 611 2204 Caecina
628 2161 729 2218 censet,
744 2170 778 2206 no
852 2151 1000 2202 Difficultas
1024 2168 1058 2202 ex
1086 2167 1127 2216 0⁰,
1151 2153 1221 2218 quod
1241 2152 1349 2202 Tacitus

248 2243 315 2279 uxor
325 2229 503 2292 magistratum
522 2229 549 2277 iu
565 2229 724 2293 provinciam
734 2245 778 2280 co·
817 2229 922 2277 omittat
948 2229 1151 2292 conjunctiones.
1191 2231 1229 2280 Ut
1251 2228 1348 2278 babeas

248 2306 364 2356 mitetur.
398 2307 407 2334 ‘
429 2306 574 2355 Paucorum
597 2307 653 2355 brec
674 2320 778 2357 mensu
817 2303 920 2364 planum
932 2317 1073 2367 verumque
1088 2305 1245 2366 seusn‚sic
1265 2304 1347 2352 inv'cr·

249 2379 356 2432 andita:
382 2381 469 2446 plures
492 2380 676 2443 obturbabant,
692 2396 777 2447 neque
817 2383 860 2427 te:
873 2392 957 2441 arom
968 2379 1248 2439 mommselebratusnit
1259 2383 1349 2429 senten

248 2456 358 2505 relatum
378 2456 412 2506 de
427 2458 541 2520 negotio,
551 2471 635 2523 neque
647 2458 778 2508 Caecinam
816 2455 853 2503 tto
866 2454 1349 2516 mommorenciacensem

248 2532 446 2595 dignnmtantae
463 2534 662 2585 reiceusoremss
694 2534 780 2599 Nepae
817 2533 1272 2596 commemorationum
1282 2548 1348 2581 sesa·

247 2606 362 2655 relatam:
379 2606 406 2655 ld
421 2613 472 2668 est,
489 2621 572 2671 neque
582 2610 693 2659 relatum
712 2625 781 2673 esse,
817 2609 987 2656 tascoaaaltam
1010 2609 1093 2673 perfici
1113 2624 1159 2658 aaa
1178 2609 1267 2673 potnit.
1300 2609 1350 2657 Vel

249 2693 293 2727 seu
305 2676 404 2729 referre
417 2695 444 2729 se
455 2684 539 2743 uulle;
552 2683 619 2746 quod
632 2684 700 2734 idem
711 2686 738 2733 in
749 2700 778 2735 re
817 2686 927 2746 relatam,
946 2685 972 2732 id
992 2692 1043 2744 est,
1060 2685 1228 2743 relationem
1244 2695 1349 2745 nempe,

249 2761 303 2803 cst:
320 2754 483 2818 obturbabant,
501 2758 529 2805 id
548 2766 598 2821 est,
618 2774 646 2807 se
664 2775 778 2825 oppone·
817 2762 973 2811 cumton
981 2762 1119 2820 conalibus,
1130 2764 1197 2821 caue
1214 2761 1350 2811 rer-elatio-

249 2826 321 2892 bant,
334 2829 540 2882 intercedebant.
818 2838 1088 2902 nen,supple‚facere.

250 2911 265 2943 '1
281 2903 354 2979 'l'alia
368 2907 457 2969 paucis
475 2909 611 2974 exequitur
621 2910 737 2973 Tacitus,
747 2917 779 2961 ut
852 2914 938 2977 Igitur
946 2913 994 2962 sub
1005 2914 1167 2977 principibus
1175 2914 1272 2963 licebat
1279 2928 1350 2962 sena·

248 2980 318 3047 iure
326 2983 473 3045 notissima;
491 2990 520 3033 et
534 2991 606 3037 certe
618 2987 687 3037 idern
698 2996 740 3037 est
751 2988 778 3036 in
818 2992 871 3039 tori
882 2990 939 3039 luco
954 2991 1091 3039 sententiae
1098 3005 1217 3053 promere
1225 2990 1349 3054 qrricquid

249 3074 288 3122 re,
297 3060 449 3111 atramitis
457 3063 588 3113 consulibus
603 3080 631 3113 eo
642 3066 671 3114 dc
682 3081 707 3115 rc
717 3067 778 3115 rela-
818 3079 834 3113 e
857 3065 960 3127 Repub.
980 3079 1037 3113 esse
1058 3072 1195 3125 censeret3
1222 3064 1284 3115 ‹lein
1302 3066 1349 3128 jus

248 3139 310 3197 tara,
321 3150 351 3185 ac
364 3137 386 3185 si
398 3138 508 3199 diceret,
526 3140 697 3190 abnuentibus
717 3156 778 3191 cun·
818 3147 875 3191 erat
896 3140 1043 3189 consulibus
1061 3141 1214 3190 relationem
1225 3141 1259 3191 de
1274 3156 1306 3189 ca
1319 3155 1349 3190 re

248 3210 344 3259 salibus
366 3214 517 3263 relationem
535 3214 621 3265 facere
640 3217 673 3266 de
693 3232 724 3266 ea
738 3232 779 3277 ra,
817 3215 905 3266 facere
916 3219 958 3265 rel
971 3218 1115 3277 remittere,
1126 3231 1171 3267 seu
1187 3218 1297 3280 rejicere
1308 3218 1351 3267 rel

249 3298 293 3335 aen
306 3288 452 3337 nolentibus
465 3303 521 3337 eam
533 3305 587 3339 rem
601 3291 697 3341 referre
708 3292 778 3356 apud
817 3291 933 3353 differre,
942 3294 970 3342 iri
980 3301 1085 3353 est,uon
1094 3293 1202 3355 referre,
1210 3293 1350 3356 prolibito.

248 3368 346 3428 patrer.
490 3396 498 3403 ·
817 3370 887 3418 Dein
899 3384 958 3417 cnm
975 3370 1128 3419 retulissent
1147 3370 1276 3429 consules,
1293 3376 1350 3423 tum

281 3438 332 3487 Vel
343 3438 417 3502 qnasi
429 3439 546 3490 dicerent
557 3442 685 3506 consules,
694 3444 773 3493 Nolu·
817 3444 904 3507 potuit
914 3442 971 3493 fieri
982 3445 1239 3506 senatusconsultum,
1248 3445 1288 3493 rel
1299 3458 1351 3497 uon

249 3526 305 3581 mus
321 3517 570 3565 senatusconsultum
590 3517 689 3580 perfici,
708 3518 778 3582 quod
818 3516 917 3583 perfici.

248 3586 305 3637 aine
314 3587 359 3635 tali
367 3589 567 3641 relationecerte
576 3593 666 3656 perfici
675 3609 725 3643 nou
734 3610 779 3658 po-
848 3592 974 3643 Attamen
984 3593 1005 3641 si
1017 3598 1071 3642 tum
1084 3608 1134 3641 uon
1148 3592 1222 3643 lieret
1235 3601 1350 3643 senatus-

248 3660 309 3711 tuit.
342 3662 421 3710 Forte
435 3677 493 3712 curn
511 3666 575 3714 tales
592 3669 779 3730 propositiones
818 3670 974 3728 consultum,
994 3670 1037 3717 vel
1058 3667 1165 3717 defectu
1185 3668 1286 3717 numeri
1303 3683 1349 3731 pa·

248 3741 396 3787 aenatorum
408 3747 542 3805 respueret
559 3745 657 3803 consul,
669 3744 777 3808 quitum
818 3750 894 3801 trum,
906 3745 947 3792 rel
958 3744 1008 3792 alio
1019 3743 1093 3804 vitio,
1107 3744 1148 3792 vel
1159 3743 1218 3807 quia
1236 3744 1287 3806 ipsl
1302 3759 1349 3807 pa-

247 3810 362 3875 babebat
370 3820 488 3864 senatum
499 3830 545 3865 suo
555 3831 653 3881 mense,
663 3833 778 3882 oppone·
817 3826 873 3869 tres
880 3826 926 3869 arrt
934 3820 1052 3869 eonsules
1061 3820 1169 3882 nollent,
1184 3826 1230 3869 snt
1240 3834 1290 3869 non
1306 3834 1349 3868 au·

249 3886 296 3937 bat
307 3900 356 3951 pro
373 3887 446 3937 libito
457 3903 512 3952 sno,
522 3904 573 3941 uou
585 3906 641 3941 esse
653 3893 687 3942 ‹le
698 3908 729 3942 ea
747 3909 777 3943 re
817 3895 920 3958 darent,
930 3895 998 3943 baud
1010 3896 1128 3944 consulto
1146 3894 1278 3958 principe,
1287 3895 1350 3943 acri·

248 3964 368 4035 relatum,
387 3971 432 4012 aut
451 3971 524 4013 certe
542 3980 570 4015 se
589 3965 688 4016 referre
708 3970 777 4018 nolle
816 3971 928 4021 bebatur
939 3978 1026 4021 mmeu
1037 3984 1177 4021 numeneus
1184 3970 1348 4035 patrum‚qni

248 4053 305 4089 rem
316 4038 408 4087 istam:
428 4039 511 4105 quasi,
521 4041 548 4089 id
564 4056 615 4093 uon
631 4057 715 4093 essee
728 4046 779 4095 Rc·
816 4047 868 4097 rim
879 4048 1044 4097 auctoritatis
1061 4046 1160 4106 babuit,
1170 4061 1223 4095 uon
1234 4053 1350 4095 mnam

247 4114 363 4181 publica,
382 4120 509 4179 censeret,
527 4122 556 4166 et
578 4118 714 4169 ultronee
736 4134 776 4169 re·
815 4123 943 4172 consulti:
954 4129 1067 4173 auteuru
1079 4134 1235 4171 comensem
1243 4126 1348 4174 acastus

249 4198 364 4255 *Ρῦθῐθῐο
815 4197 958 4251 mittebant
969 4196 1089 4262 principi,
1104 4194 1349 4261 atsirellattal'tt
