<?xml version="1.0" encoding="UTF-8"?>
<!DOCTYPE html PUBLIC "-//W3C//DTD XHTML 1.0 Transitional//EN"
    "http://www.w3.org/TR/xhtml1/DTD/xhtml1-transitional.dtd">
<html xmlns="http://www.w3.org/1999/xhtml" xml:lang="en" lang="en">
 <head>
  <title>
</title>
<meta http-equiv="Content-Type" content="text/html;charset=utf-8" />
  <meta name='ocr-system' content='tesseract 3.04.00' />
  <meta name='ocr-capabilities' content='ocr_page ocr_carea ocr_par ocr_line ocrx_word'/>
</head>
<body>
  <div class='ocr_page' id='page_1' title='image "./ccorneliitaciti03unkngoog_0268.png"; bbox 0 0 2984 4850; ppageno 0'>
   <div class='ocr_carea' id='block_1_1' title="bbox 233 308 1341 409">
    <p class='ocr_par' dir='ltr' id='par_1_1' title="bbox 233 308 1341 409">
     <span class='ocr_line' id='line_1_1' title="bbox 233 308 1341 409; baseline -0.007 -14"><span class='ocrx_word' id='word_1_1' title='bbox 233 315 320 402; x_wconf 80' lang='lat' dir='ltr'><strong>mel</strong></span> <span class='ocrx_word' id='word_1_2' title='bbox 348 359 363 376; x_wconf 30' lang='lat'><strong>¹·</strong></span> <span class='ocrx_word' id='word_1_3' title='bbox 397 308 401 313; x_wconf 64' lang='grc'><strong>’</strong></span> <span class='ocrx_word' id='word_1_4' title='bbox 597 333 835 393; x_wconf 51' lang='lat' dir='ltr'><strong>excusemur</strong></span> <span class='ocrx_word' id='word_1_5' title='bbox 851 339 986 390; x_wconf 77' lang='lat' dir='ltr'><strong>usuros</strong></span> <span class='ocrx_word' id='word_1_6' title='bbox 1171 341 1341 409; x_wconf 64' lang='lat' dir='ltr'><strong>[uum</strong></span> 
     </span>
    </p>
   </div>
   <div class='ocr_carea' id='block_1_2' title="bbox 732 582 887 634">
    <p class='ocr_par' dir='ltr' id='par_1_2' title="bbox 732 582 887 634">
     <span class='ocr_line' id='line_1_2' title="bbox 732 582 887 634; baseline -0.019 0"><span class='ocrx_word' id='word_1_7' title='bbox 732 582 839 634; x_wconf 78' lang='lat' dir='ltr'><strong>NO&#39;I&#39;AE</strong></span> <span class='ocrx_word' id='word_1_8' title='bbox 881 617 887 631; x_wconf 88' lang='lat'><strong>.</strong></span> 
     </span>
    </p>
   </div>
   <div class='ocr_carea' id='block_1_3' title="bbox 170 717 1371 4203">
    <p class='ocr_par' dir='ltr' id='par_1_3' title="bbox 170 717 1371 4203">
     <span class='ocr_line' id='line_1_3' title="bbox 233 717 1350 798; baseline -0.017 -14"><span class='ocrx_word' id='word_1_9' title='bbox 233 747 284 784; x_wconf 89' lang='lat' dir='ltr'><strong>nou</strong></span> <span class='ocrx_word' id='word_1_10' title='bbox 293 732 384 798; x_wconf 89' lang='lat' dir='ltr'><strong>liquet.</strong></span> <span class='ocrx_word' id='word_1_11' title='bbox 418 728 554 794; x_wconf 74' lang='lat' dir='ltr'><strong>onuphrius</strong></span> <span class='ocrx_word' id='word_1_12' title='bbox 564 727 696 778; x_wconf 74' lang='lat' dir='ltr'><strong>Poaniuia&#39;s</strong></span> <span class='ocrx_word' id='word_1_13' title='bbox 713 729 732 778; x_wconf 88' lang='lat' dir='ltr'><strong>l.</strong></span> <span class='ocrx_word' id='word_1_14' title='bbox 742 741 764 778; x_wconf 88' lang='lat'><strong>1.</strong></span> <span class='ocrx_word' id='word_1_15' title='bbox 805 717 1350 784; x_wconf 76' lang='lat' dir='ltr'><strong>so,consnlibus,ludicrnmqninqnenuale·</strong></span> 
     </span>
     <span class='ocr_line' id='line_1_4' title="bbox 233 793 1359 871; baseline -0.014 -13"><span class='ocrx_word' id='word_1_16' title='bbox 233 807 310 871; x_wconf 80' lang='lat' dir='ltr'><strong>Reip.</strong></span> <span class='ocrx_word' id='word_1_17' title='bbox 323 807 458 870; x_wconf 77' lang='lat' dir='ltr'><strong>Romana,</strong></span> <span class='ocrx_word' id='word_1_18' title='bbox 467 821 494 870; x_wconf 89' lang='lat' dir='ltr'><strong>p.</strong></span> <span class='ocrx_word' id='word_1_19' title='bbox 505 809 563 854; x_wconf 76' lang='lat'><strong>219.</strong></span> <span class='ocrx_word' id='word_1_20' title='bbox 805 797 895 847; x_wconf 68' lang='lat' dir='ltr'><strong>nome</strong></span> <span class='ocrx_word' id='word_1_21' title='bbox 911 797 1058 847; x_wconf 82' lang='lat' dir='ltr'><strong>institutum</strong></span> <span class='ocrx_word' id='word_1_22' title='bbox 1076 794 1168 856; x_wconf 82' lang='lat' dir='ltr'><strong>fuerit,</strong></span> <span class='ocrx_word' id='word_1_23' title='bbox 1186 793 1342 844; x_wconf 84' lang='lat' dir='ltr'><strong>testimonio</strong></span> <span class='ocrx_word' id='word_1_24' title='bbox 1355 824 1359 829; x_wconf 84' lang='lat'><em>-</em></span> 
     </span>
     <span class='ocr_line' id='line_1_5' title="bbox 266 868 1342 940; baseline -0.016 -6"><span class='ocrx_word' id='word_1_25' title='bbox 266 885 346 934; x_wconf 81' lang='lat' dir='ltr'><strong>Forte</strong></span> <span class='ocrx_word' id='word_1_26' title='bbox 362 887 564 932; x_wconf 81' lang='lat' dir='ltr'><strong>tantnmrotnm</strong></span> <span class='ocrx_word' id='word_1_27' title='bbox 580 876 642 940; x_wconf 82' lang='lat' dir='ltr'><strong>fnit,</strong></span> <span class='ocrx_word' id='word_1_28' title='bbox 659 878 765 928; x_wconf 79' lang='lat' dir='ltr'><strong>non-di·</strong></span> <span class='ocrx_word' id='word_1_29' title='bbox 804 875 890 924; x_wconf 68' lang='lat' dir='ltr'><strong>luein</strong></span> <span class='ocrx_word' id='word_1_30' title='bbox 906 873 974 923; x_wconf 86' lang='lat' dir='ltr'><strong>libro</strong></span> <span class='ocrx_word' id='word_1_31' title='bbox 993 872 1136 937; x_wconf 73' lang='lat' dir='ltr'>superiore,</span> <span class='ocrx_word' id='word_1_32' title='bbox 1152 870 1254 921; x_wconf 83' lang='lat' dir='ltr'><strong>facturn</strong></span> <span class='ocrx_word' id='word_1_33' title='bbox 1272 868 1342 918; x_wconf 90' lang='lat' dir='ltr'><strong>illud</strong></span> 
     </span>
     <span class='ocr_line' id='line_1_6' title="bbox 234 935 1341 1019; baseline -0.014 -11"><span class='ocrx_word' id='word_1_34' title='bbox 234 964 333 1019; x_wconf 83' lang='lat' dir='ltr'><strong>catum,</strong></span> <span class='ocrx_word' id='word_1_35' title='bbox 342 964 388 1007; x_wconf 86' lang='lat' dir='ltr'><strong>aut</strong></span> <span class='ocrx_word' id='word_1_36' title='bbox 399 955 487 1006; x_wconf 85' lang='lat' dir='ltr'><strong>statim</strong></span> <span class='ocrx_word' id='word_1_37' title='bbox 504 954 632 1016; x_wconf 86' lang='lat' dir='ltr'><strong>relictum,</strong></span> <span class='ocrx_word' id='word_1_38' title='bbox 649 969 699 1002; x_wconf 92' lang='lat' dir='ltr'><strong>non</strong></span> <span class='ocrx_word' id='word_1_39' title='bbox 712 969 765 1003; x_wconf 88' lang='lat' dir='ltr'><strong>aar·</strong></span> <span class='ocrx_word' id='word_1_40' title='bbox 805 951 839 1002; x_wconf 90' lang='lat' dir='ltr'><strong>ad</strong></span> <span class='ocrx_word' id='word_1_41' title='bbox 850 951 1091 1013; x_wconf 85' lang='lat' dir='ltr'><strong>instnrmsgnornm</strong></span> <span class='ocrx_word' id='word_1_42' title='bbox 1101 935 1341 996; x_wconf 78' lang='lat' dir='ltr'><strong>Panathenaeornm</strong></span> 
     </span>
     <span class='ocr_line' id='line_1_7' title="bbox 233 1019 1343 1096; baseline -0.011 -13"><span class='ocrx_word' id='word_1_43' title='bbox 233 1040 289 1084; x_wconf 86' lang='lat' dir='ltr'><strong>tum</strong></span> <span class='ocrx_word' id='word_1_44' title='bbox 310 1039 409 1082; x_wconf 85' lang='lat' dir='ltr'><strong>tectum</strong></span> <span class='ocrx_word' id='word_1_45' title='bbox 428 1038 487 1096; x_wconf 89' lang='lat' dir='ltr'><strong>post</strong></span> <span class='ocrx_word' id='word_1_46' title='bbox 508 1039 619 1081; x_wconf 90' lang='lat' dir='ltr'><strong>mortem</strong></span> <span class='ocrx_word' id='word_1_47' title='bbox 640 1032 764 1094; x_wconf 71' lang='lat' dir='ltr'><strong>Poppaeae</strong></span> <span class='ocrx_word' id='word_1_48' title='bbox 804 1028 935 1089; x_wconf 78' lang='lat' dir='ltr'><strong>existimo,</strong></span> <span class='ocrx_word' id='word_1_49' title='bbox 945 1040 1003 1090; x_wconf 83' lang='lat' dir='ltr'><strong>qnm</strong></span> <span class='ocrx_word' id='word_1_50' title='bbox 1013 1024 1119 1086; x_wconf 86' lang='lat' dir='ltr'><strong>singulis</strong></span> <span class='ocrx_word' id='word_1_51' title='bbox 1128 1021 1217 1072; x_wconf 85' lang='lat' dir='ltr'><strong>lustris</strong></span> <span class='ocrx_word' id='word_1_52' title='bbox 1225 1019 1343 1071; x_wconf 86' lang='lat' dir='ltr'><strong>fiebant.</strong></span> 
     </span>
     <span class='ocr_line' id='line_1_8' title="bbox 234 1097 1342 1176; baseline -0.014 -16"><span class='ocrx_word' id='word_1_53' title='bbox 234 1115 280 1160; x_wconf 82' lang='lat' dir='ltr'><strong>aut</strong></span> <span class='ocrx_word' id='word_1_54' title='bbox 301 1109 423 1159; x_wconf 86' lang='lat' dir='ltr'><strong>Neronis.</strong></span> <span class='ocrx_word' id='word_1_55' title='bbox 455 1109 490 1156; x_wconf 86' lang='lat' dir='ltr'><strong>Et</strong></span> <span class='ocrx_word' id='word_1_56' title='bbox 510 1107 599 1170; x_wconf 89' lang='lat' dir='ltr'><strong>potios</strong></span> <span class='ocrx_word' id='word_1_57' title='bbox 617 1107 766 1156; x_wconf 81' lang='lat' dir='ltr'><strong>execranda</strong></span> <span class='ocrx_word' id='word_1_58' title='bbox 804 1105 865 1176; x_wconf 80' lang='lat' dir='ltr'><strong>Hoc</strong></span> <span class='ocrx_word' id='word_1_59' title='bbox 874 1117 936 1152; x_wconf 85' lang='lat' dir='ltr'><strong>reru</strong></span> <span class='ocrx_word' id='word_1_60' title='bbox 945 1107 1088 1161; x_wconf 77' lang='lat' dir='ltr'><strong>certamen,</strong></span> <span class='ocrx_word' id='word_1_61' title='bbox 1098 1113 1147 1162; x_wconf 91' lang='lat' dir='ltr'><strong>pro</strong></span> <span class='ocrx_word' id='word_1_62' title='bbox 1158 1097 1235 1161; x_wconf 86' lang='lat' dir='ltr'><strong>cujus</strong></span> <span class='ocrx_word' id='word_1_63' title='bbox 1249 1111 1342 1146; x_wconf 86' lang='lat' dir='ltr'><strong>exem·</strong></span> 
     </span>
     <span class='ocr_line' id='line_1_9' title="bbox 235 1173 1342 1249; baseline -0.012 -15"><span class='ocrx_word' id='word_1_64' title='bbox 235 1197 311 1249; x_wconf 82' lang='lat' dir='ltr'><strong>qnam</strong></span> <span class='ocrx_word' id='word_1_65' title='bbox 323 1183 455 1234; x_wconf 84' lang='lat' dir='ltr'><strong>exoranda</strong></span> <span class='ocrx_word' id='word_1_66' title='bbox 465 1183 525 1236; x_wconf 88' lang='lat' dir='ltr'><strong>talis</strong></span> <span class='ocrx_word' id='word_1_67' title='bbox 533 1183 699 1232; x_wconf 71' lang='lat' dir='ltr'><strong>Fecunditas</strong></span> <span class='ocrx_word' id='word_1_68' title='bbox 706 1182 765 1232; x_wconf 79' lang='lat' dir='ltr'><strong>fnit</strong></span> <span class='ocrx_word' id='word_1_69' title='bbox 804 1177 998 1244; x_wconf 84' lang='lat' dir='ltr'><strong>plariAtticam</strong></span> <span class='ocrx_word' id='word_1_70' title='bbox 1008 1175 1161 1238; x_wconf 75' lang='lat' dir='ltr'>religionem</span> <span class='ocrx_word' id='word_1_71' title='bbox 1174 1173 1268 1222; x_wconf 86' lang='lat' dir='ltr'><strong>habuit</strong></span> <span class='ocrx_word' id='word_1_72' title='bbox 1283 1173 1342 1222; x_wconf 86' lang='lat' dir='ltr'><strong>Ne·</strong></span> 
     </span>
     <span class='ocr_line' id='line_1_10' title="bbox 266 1247 1343 1322; baseline -0.014 -12"><span class='ocrx_word' id='word_1_73' title='bbox 266 1261 327 1310; x_wconf 71' lang='lat' dir='ltr'><strong>&#39;Aa</strong></span> <span class='ocrx_word' id='word_1_74' title='bbox 334 1260 453 1322; x_wconf 74' lang='lat' dir='ltr'><strong>sempter</strong></span> <span class='ocrx_word' id='word_1_75' title='bbox 458 1258 686 1321; x_wconf 74' lang='lat' dir='ltr'><strong>Attinoereligiouis]</strong></span> <span class='ocrx_word' id='word_1_76' title='bbox 696 1260 765 1308; x_wconf 87' lang='lat' dir='ltr'><strong>Pan·</strong></span> <span class='ocrx_word' id='word_1_77' title='bbox 805 1271 845 1317; x_wconf 90' lang='lat' dir='ltr'><strong>ro,</strong></span> <span class='ocrx_word' id='word_1_78' title='bbox 858 1270 892 1305; x_wconf 80' lang='lat' dir='ltr'><strong>ex</strong></span> <span class='ocrx_word' id='word_1_79' title='bbox 903 1251 1084 1302; x_wconf 85' lang='lat' dir='ltr'><strong>anniversariis</strong></span> <span class='ocrx_word' id='word_1_80' title='bbox 1095 1256 1123 1299; x_wconf 88' lang='lat' dir='ltr'><strong>et</strong></span> <span class='ocrx_word' id='word_1_81' title='bbox 1132 1247 1277 1299; x_wconf 87' lang='lat' dir='ltr'><strong>minoribns</strong></span> <span class='ocrx_word' id='word_1_82' title='bbox 1286 1247 1343 1296; x_wconf 88' lang='lat' dir='ltr'><strong>Pa·</strong></span> 
     </span>
     <span class='ocr_line' id='line_1_11' title="bbox 235 1321 1341 1398; baseline -0.014 -12"><span class='ocrx_word' id='word_1_83' title='bbox 235 1335 354 1386; x_wconf 71' lang='lat' dir='ltr'><strong>athenea</strong></span> <span class='ocrx_word' id='word_1_84' title='bbox 376 1335 572 1384; x_wconf 82' lang='lat' dir='ltr'><strong>Atheniensium</strong></span> <span class='ocrx_word' id='word_1_85' title='bbox 594 1335 705 1398; x_wconf 85' lang='lat' dir='ltr'><strong>intelligi</strong></span> <span class='ocrx_word' id='word_1_86' title='bbox 720 1349 765 1382; x_wconf 88' lang='lat' dir='ltr'><strong>vo·</strong></span> <span class='ocrx_word' id='word_1_87' title='bbox 804 1330 956 1390; x_wconf 78' lang='lat' dir='ltr'><strong>nuthenoeis,</strong></span> <span class='ocrx_word' id='word_1_88' title='bbox 970 1341 1080 1391; x_wconf 86' lang='lat' dir='ltr'><strong>agonem</strong></span> <span class='ocrx_word' id='word_1_89' title='bbox 1096 1325 1246 1390; x_wconf 73' lang='lat' dir='ltr'><strong>gymnicum</strong></span> <span class='ocrx_word' id='word_1_90' title='bbox 1256 1321 1341 1372; x_wconf 80' lang='lat' dir='ltr'><strong>fuisse</strong></span> 
     </span>
     <span class='ocr_line' id='line_1_12' title="bbox 235 1405 1051 1474; baseline -0.009 -14"><span class='ocrx_word' id='word_1_91' title='bbox 235 1411 302 1474; x_wconf 83' lang='lat' dir='ltr'><strong>lttnt,</strong></span> <span class='ocrx_word' id='word_1_92' title='bbox 321 1409 354 1464; x_wconf 91' lang='lat' dir='ltr'><strong>de</strong></span> <span class='ocrx_word' id='word_1_93' title='bbox 372 1411 463 1474; x_wconf 92' lang='lat' dir='ltr'><strong>quibns</strong></span> <span class='ocrx_word' id='word_1_94' title='bbox 481 1410 550 1474; x_wconf 90' lang='lat' dir='ltr'><strong>apud</strong></span> <span class='ocrx_word' id='word_1_95' title='bbox 570 1410 678 1459; x_wconf 77' lang='lat' dir='ltr'><strong>Graecos</strong></span> <span class='ocrx_word' id='word_1_96' title='bbox 695 1409 764 1459; x_wconf 81' lang='lat' dir='ltr'><strong>obvii</strong></span> <span class='ocrx_word' id='word_1_97' title='bbox 804 1420 871 1456; x_wconf 89' lang='lat' dir='ltr'><strong>reor.</strong></span> <span class='ocrx_word' id='word_1_98' title='bbox 904 1405 1051 1455; x_wconf 69' lang='lat' dir='ltr'><strong>Vestram.</strong></span> 
     </span>
     <span class='ocr_line' id='line_1_13' title="bbox 233 1473 1342 1544; baseline -0.012 -9"><span class='ocrx_word' id='word_1_99' title='bbox 233 1487 294 1538; x_wconf 88' lang='lat' dir='ltr'><strong>loci.</strong></span> <span class='ocrx_word' id='word_1_100' title='bbox 313 1487 423 1537; x_wconf 86' lang='lat' dir='ltr'><strong>Dubito.</strong></span> <span class='ocrx_word' id='word_1_101' title='bbox 450 1487 518 1535; x_wconf 89' lang='lat' dir='ltr'><strong>Nam</strong></span> <span class='ocrx_word' id='word_1_102' title='bbox 530 1485 765 1535; x_wconf 84' lang='lat' dir='ltr'><strong>Panathenaeisre·</strong></span> <span class='ocrx_word' id='word_1_103' title='bbox 836 1477 1151 1544; x_wconf 84' lang='lat' dir='ltr'><strong>Ludorumqnornmlibet</strong></span> <span class='ocrx_word' id='word_1_104' title='bbox 1167 1473 1342 1540; x_wconf 83' lang='lat' dir='ltr'><strong>publicorum</strong></span> 
     </span>
     <span class='ocr_line' id='line_1_14' title="bbox 234 1551 1342 1626; baseline -0.014 -14"><span class='ocrx_word' id='word_1_105' title='bbox 234 1561 397 1626; x_wconf 72' lang='lat' dir='ltr'><strong>spondebant</strong></span> <span class='ocrx_word' id='word_1_106' title='bbox 408 1561 599 1626; x_wconf 72' lang='lat' dir='ltr'><strong>Quinquatrus:</strong></span> <span class='ocrx_word' id='word_1_107' title='bbox 620 1562 718 1622; x_wconf 89' lang='lat' dir='ltr'><strong>nescio,</strong></span> <span class='ocrx_word' id='word_1_108' title='bbox 731 1577 765 1610; x_wconf 85' lang='lat' dir='ltr'><strong>au</strong></span> <span class='ocrx_word' id='word_1_109' title='bbox 804 1558 918 1622; x_wconf 82' lang='lat' dir='ltr'><strong>aliquam</strong></span> <span class='ocrx_word' id='word_1_110' title='bbox 933 1556 1071 1618; x_wconf 71' lang='lat' dir='ltr'><strong>seligimus</strong></span> <span class='ocrx_word' id='word_1_111' title='bbox 1088 1553 1168 1603; x_wconf 84' lang='lat' dir='ltr'><strong>fnisse</strong></span> <span class='ocrx_word' id='word_1_112' title='bbox 1187 1551 1251 1600; x_wconf 88' lang='lat' dir='ltr'><strong>satis</strong></span> <span class='ocrx_word' id='word_1_113' title='bbox 1268 1555 1342 1599; x_wconf 88' lang='lat' dir='ltr'><strong>cont&#39;·</strong></span> 
     </span>
     <span class='ocr_line' id='line_1_15' title="bbox 233 1626 1343 1698; baseline -0.01 -12"><span class='ocrx_word' id='word_1_114' title='bbox 233 1637 283 1686; x_wconf 88' lang='lat' dir='ltr'><strong>hoc</strong></span> <span class='ocrx_word' id='word_1_115' title='bbox 293 1643 426 1686; x_wconf 83' lang='lat' dir='ltr'><strong>certamen</strong></span> <span class='ocrx_word' id='word_1_116' title='bbox 434 1651 535 1685; x_wconf 84' lang='lat' dir='ltr'><strong>nurum.</strong></span> <span class='ocrx_word' id='word_1_117' title='bbox 563 1635 594 1684; x_wconf 91' lang='lat' dir='ltr'><strong>In</strong></span> <span class='ocrx_word' id='word_1_118' title='bbox 604 1636 676 1685; x_wconf 86' lang='lat' dir='ltr'><strong>libris</strong></span> <span class='ocrx_word' id='word_1_119' title='bbox 684 1637 764 1685; x_wconf 87' lang='lat' dir='ltr'><strong>etiam</strong></span> <span class='ocrx_word' id='word_1_120' title='bbox 804 1635 942 1698; x_wconf 87' lang='lat' dir='ltr'><strong>probatum</strong></span> <span class='ocrx_word' id='word_1_121' title='bbox 953 1639 1009 1682; x_wconf 85' lang='lat' dir='ltr'><strong>est:</strong></span> <span class='ocrx_word' id='word_1_122' title='bbox 1025 1626 1343 1682; x_wconf 80' lang='lat' dir='ltr'><strong>sedetValerinsMaxi·</strong></span> 
     </span>
     <span class='ocr_line' id='line_1_16' title="bbox 233 1707 1341 1776; baseline -0.008 -16"><span class='ocrx_word' id='word_1_123' title='bbox 233 1711 357 1761; x_wconf 81' lang='lat' dir='ltr'><strong>vacillare</strong></span> <span class='ocrx_word' id='word_1_124' title='bbox 376 1711 530 1773; x_wconf 87' lang='lat' dir='ltr'><strong>scripturam</strong></span> <span class='ocrx_word' id='word_1_125' title='bbox 554 1711 639 1774; x_wconf 86' lang='lat' dir='ltr'><strong>rideo,</strong></span> <span class='ocrx_word' id='word_1_126' title='bbox 657 1727 765 1776; x_wconf 88' lang='lat' dir='ltr'><strong>quornm</strong></span> <span class='ocrx_word' id='word_1_127' title='bbox 803 1727 860 1761; x_wconf 91' lang='lat' dir='ltr'><strong>mus</strong></span> <span class='ocrx_word' id='word_1_128' title='bbox 874 1714 980 1761; x_wconf 71' lang='lat' dir='ltr'><strong>latim</strong></span> <span class='ocrx_word' id='word_1_129' title='bbox 996 1711 1136 1772; x_wconf 67' lang='lat' dir='ltr'><strong>religionem</strong></span> <span class='ocrx_word' id='word_1_130' title='bbox 1150 1707 1303 1756; x_wconf 67' lang='lat' dir='ltr'><strong>diritius.</strong></span> <span class='ocrx_word' id='word_1_131' title='bbox 1316 1708 1341 1752; x_wconf 91' lang='grc'><strong>1.</strong></span> 
     </span>
     <span class='ocr_line' id='line_1_17' title="bbox 234 1780 1342 1851; baseline -0.007 -15"><span class='ocrx_word' id='word_1_132' title='bbox 234 1789 379 1836; x_wconf 77' lang='lat' dir='ltr'><strong>Vaticanus</strong></span> <span class='ocrx_word' id='word_1_133' title='bbox 401 1788 524 1850; x_wconf 89' lang='lat' dir='ltr'><strong>optimus,</strong></span> <span class='ocrx_word' id='word_1_134' title='bbox 541 1787 678 1851; x_wconf 77' lang='lat' dir='ltr'><strong>Accieoeqne</strong></span> <span class='ocrx_word' id='word_1_135' title='bbox 697 1803 765 1850; x_wconf 83' lang='lat' dir='ltr'><strong>prae·</strong></span> <span class='ocrx_word' id='word_1_136' title='bbox 805 1788 914 1836; x_wconf 88' lang='lat' dir='ltr'><strong>Curnles</strong></span> <span class='ocrx_word' id='word_1_137' title='bbox 930 1795 1017 1837; x_wconf 88' lang='lat' dir='ltr'><strong>autem</strong></span> <span class='ocrx_word' id='word_1_138' title='bbox 1032 1785 1107 1834; x_wconf 89' lang='lat' dir='ltr'><strong>ludus</strong></span> <span class='ocrx_word' id='word_1_139' title='bbox 1118 1799 1134 1832; x_wconf 88' lang='lat' dir='ltr'><strong>a</strong></span> <span class='ocrx_word' id='word_1_140' title='bbox 1144 1782 1265 1846; x_wconf 87' lang='lat' dir='ltr'><strong>principe</strong></span> <span class='ocrx_word' id='word_1_141' title='bbox 1282 1780 1342 1830; x_wconf 82' lang='lat' dir='ltr'><strong>anis</strong></span> 
     </span>
     <span class='ocr_line' id='line_1_18' title="bbox 234 1855 1344 1927; baseline -0.01 -14"><span class='ocrx_word' id='word_1_142' title='bbox 234 1861 295 1926; x_wconf 70' lang='lat' dir='ltr'><strong>sert,</strong></span> <span class='ocrx_word' id='word_1_143' title='bbox 306 1863 486 1926; x_wconf 80' lang='lat' dir='ltr'><strong>Farnesianns,</strong></span> <span class='ocrx_word' id='word_1_144' title='bbox 495 1863 613 1913; x_wconf 63' lang='lat' dir='ltr'><strong>neusa.</strong></span> <span class='ocrx_word' id='word_1_145' title='bbox 805 1877 959 1927; x_wconf 88' lang='lat' dir='ltr'><strong>suorumque</strong></span> <span class='ocrx_word' id='word_1_146' title='bbox 967 1860 1090 1910; x_wconf 86' lang='lat' dir='ltr'><strong>natalitiis</strong></span> <span class='ocrx_word' id='word_1_147' title='bbox 1101 1859 1185 1920; x_wconf 87' lang='lat' dir='ltr'><strong>datos,</strong></span> <span class='ocrx_word' id='word_1_148' title='bbox 1196 1857 1260 1920; x_wconf 90' lang='lat' dir='ltr'><strong>qnin</strong></span> <span class='ocrx_word' id='word_1_149' title='bbox 1271 1855 1344 1904; x_wconf 83' lang='lat' dir='ltr'><strong>exis·</strong></span> 
     </span>
     <span class='ocr_line' id='line_1_19' title="bbox 267 1931 1342 2003; baseline -0.009 -15"><span class='ocrx_word' id='word_1_150' title='bbox 267 1939 309 1988; x_wconf 85' lang='lat' dir='ltr'><strong>Au</strong></span> <span class='ocrx_word' id='word_1_151' title='bbox 320 1938 380 2000; x_wconf 81' lang='lat' dir='ltr'><strong>fuit,</strong></span> <span class='ocrx_word' id='word_1_152' title='bbox 389 1939 495 1988; x_wconf 73' lang='lat' dir='ltr'><strong>Actiacae</strong></span> <span class='ocrx_word' id='word_1_153' title='bbox 511 1939 643 2000; x_wconf 81' lang='lat' dir='ltr'><strong>religionis,</strong></span> <span class='ocrx_word' id='word_1_154' title='bbox 653 1940 706 1988; x_wconf 88' lang='lat' dir='ltr'><strong>sive</strong></span> <span class='ocrx_word' id='word_1_155' title='bbox 718 1955 765 2003; x_wconf 88' lang='lat' dir='ltr'><strong>po.</strong></span> <span class='ocrx_word' id='word_1_156' title='bbox 804 1937 932 1998; x_wconf 89' lang='lat' dir='ltr'><strong>timemus,</strong></span> <span class='ocrx_word' id='word_1_157' title='bbox 941 1937 1006 1986; x_wconf 86' lang='lat' dir='ltr'><strong>nihil</strong></span> <span class='ocrx_word' id='word_1_158' title='bbox 1017 1933 1147 2000; x_wconf 84' lang='lat' dir='ltr'><strong>prohihet,</strong></span> <span class='ocrx_word' id='word_1_159' title='bbox 1162 1932 1252 1996; x_wconf 88' lang='lat' dir='ltr'><strong>quales</strong></span> <span class='ocrx_word' id='word_1_160' title='bbox 1268 1931 1342 1980; x_wconf 85' lang='lat' dir='ltr'><strong>Pan·</strong></span> 
     </span>
     <span class='ocr_line' id='line_1_20' title="bbox 234 2011 1058 2078; baseline -0.004 -15"><span class='ocrx_word' id='word_1_161' title='bbox 234 2014 288 2063; x_wconf 86' lang='lat' dir='ltr'><strong>tius</strong></span> <span class='ocrx_word' id='word_1_162' title='bbox 305 2012 426 2076; x_wconf 74' lang='lat' dir='ltr'><strong>regionis?</strong></span> <span class='ocrx_word' id='word_1_163' title='bbox 454 2016 512 2064; x_wconf 88' lang='lat' dir='ltr'><strong>Nec</strong></span> <span class='ocrx_word' id='word_1_164' title='bbox 528 2015 597 2064; x_wconf 90' lang='lat' dir='ltr'><strong>enim</strong></span> <span class='ocrx_word' id='word_1_165' title='bbox 613 2016 696 2078; x_wconf 85' lang='lat' dir='ltr'><strong>major</strong></span> <span class='ocrx_word' id='word_1_166' title='bbox 712 2016 764 2077; x_wconf 91' lang='lat' dir='ltr'><strong>hic,</strong></span> <span class='ocrx_word' id='word_1_167' title='bbox 804 2012 929 2061; x_wconf 84' lang='lat' dir='ltr'><strong>athenaeis</strong></span> <span class='ocrx_word' id='word_1_168' title='bbox 939 2011 1058 2062; x_wconf 80' lang='lat' dir='ltr'><strong>exhibiti.</strong></span> 
     </span>
     <span class='ocr_line' id='line_1_21' title="bbox 236 2083 1343 2153; baseline -0.005 -17"><span class='ocrx_word' id='word_1_169' title='bbox 236 2103 312 2152; x_wconf 78' lang='lat' dir='ltr'><strong>qnam</strong></span> <span class='ocrx_word' id='word_1_170' title='bbox 319 2089 346 2136; x_wconf 92' lang='lat' dir='ltr'><strong>in</strong></span> <span class='ocrx_word' id='word_1_171' title='bbox 355 2090 411 2138; x_wconf 83' lang='lat' dir='ltr'><strong>aliis</strong></span> <span class='ocrx_word' id='word_1_172' title='bbox 419 2089 487 2138; x_wconf 89' lang='lat' dir='ltr'><strong>ludis</strong></span> <span class='ocrx_word' id='word_1_173' title='bbox 495 2089 593 2153; x_wconf 79' lang='lat' dir='ltr'><strong>religio.</strong></span> <span class='ocrx_word' id='word_1_174' title='bbox 627 2091 765 2141; x_wconf 87' lang='lat' dir='ltr'><strong>Enimvero</strong></span> <span class='ocrx_word' id='word_1_175' title='bbox 835 2088 880 2136; x_wconf 93' lang='lat' dir='ltr'><strong>De</strong></span> <span class='ocrx_word' id='word_1_176' title='bbox 891 2087 984 2151; x_wconf 83' lang='lat' dir='ltr'><strong>quibus</strong></span> <span class='ocrx_word' id='word_1_177' title='bbox 1002 2087 1040 2136; x_wconf 81' lang='lat' dir='ltr'><strong>ita</strong></span> <span class='ocrx_word' id='word_1_178' title='bbox 1055 2085 1169 2150; x_wconf 88' lang='lat' dir='ltr'><strong>loquitur</strong></span> <span class='ocrx_word' id='word_1_179' title='bbox 1185 2083 1288 2144; x_wconf 82' lang='lat' dir='ltr'><strong>Snidas,</strong></span> <span class='ocrx_word' id='word_1_180' title='bbox 1311 2088 1343 2143; x_wconf 78' lang='lat' dir='ltr'><strong>nt</strong></span> 
     </span>
     <span class='ocr_line' id='line_1_22' title="bbox 234 2157 1343 2227; baseline -0.008 -15"><span class='ocrx_word' id='word_1_181' title='bbox 234 2163 263 2212; x_wconf 87' lang='lat' dir='ltr'><strong>iu</strong></span> <span class='ocrx_word' id='word_1_182' title='bbox 273 2163 396 2212; x_wconf 76' lang='lat' dir='ltr'><strong>Suetonio</strong></span> <span class='ocrx_word' id='word_1_183' title='bbox 407 2166 474 2226; x_wconf 85' lang='lat' dir='ltr'><strong>lego,</strong></span> <span class='ocrx_word' id='word_1_184' title='bbox 482 2163 594 2227; x_wconf 76' lang='lat' dir='ltr'><strong>Augusti</strong></span> <span class='ocrx_word' id='word_1_185' title='bbox 605 2180 629 2214; x_wconf 93' lang='lat' dir='ltr'><strong>c.</strong></span> <span class='ocrx_word' id='word_1_186' title='bbox 638 2170 678 2213; x_wconf 86' lang='lat'><strong>18.</strong></span> <span class='ocrx_word' id='word_1_187' title='bbox 692 2165 725 2214; x_wconf 83' lang='lat' dir='ltr'><strong>ab</strong></span> <span class='ocrx_word' id='word_1_188' title='bbox 733 2180 765 2213; x_wconf 89' lang='lat' dir='ltr'><strong>eo</strong></span> <span class='ocrx_word' id='word_1_189' title='bbox 804 2164 915 2225; x_wconf 90' lang='lat' dir='ltr'><strong>primum</strong></span> <span class='ocrx_word' id='word_1_190' title='bbox 926 2163 1030 2226; x_wconf 88' lang='lat' dir='ltr'><strong>quidem</strong></span> <span class='ocrx_word' id='word_1_191' title='bbox 1043 2161 1077 2211; x_wconf 84' lang='lat' dir='ltr'><strong>ab</strong></span> <span class='ocrx_word' id='word_1_192' title='bbox 1093 2159 1262 2212; x_wconf 80' lang='lat' dir='ltr'><strong>Erichthonio</strong></span> <span class='ocrx_word' id='word_1_193' title='bbox 1275 2157 1343 2204; x_wconf 77' lang='lat' dir='ltr'><strong>Vul-</strong></span> 
     </span>
     <span class='ocr_line' id='line_1_23' title="bbox 235 2236 1340 2303; baseline -0.005 -17"><span class='ocrx_word' id='word_1_194' title='bbox 235 2238 355 2302; x_wconf 88' lang='lat' dir='ltr'><strong>principe</strong></span> <span class='ocrx_word' id='word_1_195' title='bbox 375 2239 506 2288; x_wconf 86' lang='lat' dir='ltr'><strong>institutos</strong></span> <span class='ocrx_word' id='word_1_196' title='bbox 533 2239 677 2302; x_wconf 86' lang='lat' dir='ltr'><strong>‘Nicopoli</strong></span> <span class='ocrx_word' id='word_1_197' title='bbox 694 2241 764 2303; x_wconf 88' lang='lat' dir='ltr'><strong>apud</strong></span> <span class='ocrx_word' id='word_1_198' title='bbox 804 2238 862 2285; x_wconf 84' lang='lat' dir='ltr'><strong>cani</strong></span> <span class='ocrx_word' id='word_1_199' title='bbox 874 2245 902 2287; x_wconf 89' lang='lat' dir='ltr'><strong>et</strong></span> <span class='ocrx_word' id='word_1_200' title='bbox 912 2239 1039 2287; x_wconf 80' lang='lat' dir='ltr'><strong>Minervae</strong></span> <span class='ocrx_word' id='word_1_201' title='bbox 1049 2236 1104 2286; x_wconf 81' lang='lat' dir='ltr'><strong>titio</strong></span> <span class='ocrx_word' id='word_1_202' title='bbox 1114 2237 1241 2297; x_wconf 88' lang='lat' dir='ltr'><strong>instituta,</strong></span> <span class='ocrx_word' id='word_1_203' title='bbox 1254 2243 1340 2283; x_wconf 88' lang='lat' dir='ltr'><strong>tuma</strong></span> 
     </span>
     <span class='ocr_line' id='line_1_24' title="bbox 235 2309 1340 2380; baseline -0.004 -18"><span class='ocrx_word' id='word_1_204' title='bbox 235 2315 341 2364; x_wconf 87' lang='lat' dir='ltr'><strong>Actium</strong></span> <span class='ocrx_word' id='word_1_205' title='bbox 352 2315 426 2365; x_wconf 89' lang='lat' dir='ltr'><strong>ludos</strong></span> <span class='ocrx_word' id='word_1_206' title='bbox 437 2315 649 2379; x_wconf 83' lang='lat' dir='ltr'><strong>quinquennales,</strong></span> <span class='ocrx_word' id='word_1_207' title='bbox 658 2331 709 2380; x_wconf 91' lang='lat' dir='ltr'><strong>qno</strong></span> <span class='ocrx_word' id='word_1_208' title='bbox 721 2330 764 2365; x_wconf 90' lang='lat' dir='ltr'><strong>ce·</strong></span> <span class='ocrx_word' id='word_1_209' title='bbox 803 2313 906 2362; x_wconf 83' lang='lat' dir='ltr'><strong>&#39;lheseo</strong></span> <span class='ocrx_word' id='word_1_210' title='bbox 916 2315 1040 2364; x_wconf 86' lang='lat' dir='ltr'><strong>restituta</strong></span> <span class='ocrx_word' id='word_1_211' title='bbox 1048 2309 1162 2372; x_wconf 66' lang='lat' dir='ltr'><strong>fuerint}</strong></span> <span class='ocrx_word' id='word_1_212' title='bbox 1178 2312 1237 2375; x_wconf 87' lang='lat' dir='ltr'><strong>ipsa</strong></span> <span class='ocrx_word' id='word_1_213' title='bbox 1253 2310 1340 2374; x_wconf 89' lang='lat' dir='ltr'><strong>dupli·</strong></span> 
     </span>
     <span class='ocr_line' id='line_1_25' title="bbox 235 2387 1340 2460; baseline -0.003 -21"><span class='ocrx_word' id='word_1_214' title='bbox 235 2390 362 2441; x_wconf 82' lang='lat' dir='ltr'><strong>lehratior</strong></span> <span class='ocrx_word' id='word_1_215' title='bbox 384 2392 439 2455; x_wconf 83' lang='lat' dir='ltr'><strong>ejus</strong></span> <span class='ocrx_word' id='word_1_216' title='bbox 455 2392 573 2443; x_wconf 76' lang='lat' dir='ltr'><strong>victoriae</strong></span> <span class='ocrx_word' id='word_1_217' title='bbox 593 2393 716 2443; x_wconf 77' lang='lat' dir='ltr'><strong>mensoria</strong></span> <span class='ocrx_word' id='word_1_218' title='bbox 736 2395 765 2443; x_wconf 90' lang='lat' dir='ltr'><strong>in</strong></span> <span class='ocrx_word' id='word_1_219' title='bbox 804 2390 1151 2454; x_wconf 77' lang='lat' dir='ltr'><strong>ciuustmtin,scilieet,quoe</strong></span> <span class='ocrx_word' id='word_1_220' title='bbox 1160 2387 1340 2460; x_wconf 76' lang='lat' dir='ltr'><strong>nugandicta,</strong></span> 
     </span>
     <span class='ocr_line' id='line_1_26' title="bbox 236 2463 1340 2530; baseline -0.005 -15"><span class='ocrx_word' id='word_1_221' title='bbox 236 2472 369 2529; x_wconf 88' lang='lat' dir='ltr'><strong>posterum</strong></span> <span class='ocrx_word' id='word_1_222' title='bbox 381 2467 467 2517; x_wconf 61' lang='lat' dir='ltr'><strong>esset!</strong></span> <span class='ocrx_word' id='word_1_223' title='bbox 805 2467 985 2530; x_wconf 88' lang='lat' dir='ltr'><strong>quinquenniis</strong></span> <span class='ocrx_word' id='word_1_224' title='bbox 996 2466 1104 2528; x_wconf 89' lang='lat' dir='ltr'><strong>siugulis</strong></span> <span class='ocrx_word' id='word_1_225' title='bbox 1113 2464 1240 2513; x_wconf 86' lang='lat' dir='ltr'><strong>celebrari</strong></span> <span class='ocrx_word' id='word_1_226' title='bbox 1251 2463 1340 2523; x_wconf 85' lang='lat' dir='ltr'><strong>solita,</strong></span> 
     </span>
     <span class='ocr_line' id='line_1_27' title="bbox 268 2538 1340 2607; baseline -0.002 -14"><span class='ocrx_word' id='word_1_227' title='bbox 268 2544 304 2593; x_wconf 90' lang='lat' dir='ltr'><strong>Et</strong></span> <span class='ocrx_word' id='word_1_228' title='bbox 322 2544 427 2592; x_wconf 87' lang='lat' dir='ltr'><strong>durasse</strong></span> <span class='ocrx_word' id='word_1_229' title='bbox 445 2557 489 2592; x_wconf 90' lang='lat' dir='ltr'><strong>eos</strong></span> <span class='ocrx_word' id='word_1_230' title='bbox 507 2544 540 2593; x_wconf 88' lang='lat' dir='ltr'><strong>ad</strong></span> <span class='ocrx_word' id='word_1_231' title='bbox 559 2544 681 2595; x_wconf 74' lang='lat' dir='ltr'><strong>inferiora</strong></span> <span class='ocrx_word' id='word_1_232' title='bbox 699 2551 765 2595; x_wconf 86' lang='lat' dir='ltr'><strong>tem·</strong></span> <span class='ocrx_word' id='word_1_233' title='bbox 805 2543 856 2592; x_wconf 85' lang='lat' dir='ltr'><strong>alis</strong></span> <span class='ocrx_word' id='word_1_234' title='bbox 877 2556 939 2591; x_wconf 79' lang='lat' dir='ltr'><strong>vero</strong></span> <span class='ocrx_word' id='word_1_235' title='bbox 961 2541 1108 2607; x_wconf 80' lang='lat' dir='ltr'><strong>quotannis,</strong></span> <span class='ocrx_word' id='word_1_236' title='bbox 1135 2546 1245 2604; x_wconf 85' lang='lat' dir='ltr'><strong>utraque</strong></span> <span class='ocrx_word' id='word_1_237' title='bbox 1268 2538 1340 2602; x_wconf 77' lang='lat' dir='ltr'><strong>apud</strong></span> 
     </span>
     <span class='ocr_line' id='line_1_28' title="bbox 235 2615 1168 2683; baseline -0.002 -17"><span class='ocrx_word' id='word_1_238' title='bbox 235 2631 308 2680; x_wconf 87' lang='lat' dir='ltr'><strong>pota,</strong></span> <span class='ocrx_word' id='word_1_239' title='bbox 326 2619 495 2669; x_wconf 82' lang='lat' dir='ltr'><strong>Mamertinus</strong></span> <span class='ocrx_word' id='word_1_240' title='bbox 506 2620 531 2668; x_wconf 92' lang='lat' dir='ltr'><strong>iu</strong></span> <span class='ocrx_word' id='word_1_241' title='bbox 543 2620 707 2683; x_wconf 74' lang='lat' dir='ltr'><strong>Panegyrico</strong></span> <span class='ocrx_word' id='word_1_242' title='bbox 719 2623 765 2673; x_wconf 90' lang='lat' dir='ltr'><strong>do-</strong></span> <span class='ocrx_word' id='word_1_243' title='bbox 804 2618 921 2668; x_wconf 90' lang='lat' dir='ltr'><strong>Athenas</strong></span> <span class='ocrx_word' id='word_1_244' title='bbox 934 2619 1011 2681; x_wconf 86' lang='lat' dir='ltr'><strong>ipsas.</strong></span> <span class='ocrx_word' id='word_1_245' title='bbox 1037 2618 1070 2665; x_wconf 89' lang='lat' dir='ltr'><strong>P.</strong></span> <span class='ocrx_word' id='word_1_246' title='bbox 1081 2615 1168 2665; x_wconf 80' lang='lat' dir='ltr'><strong>Faber.</strong></span> 
     </span>
     <span class='ocr_line' id='line_1_29' title="bbox 170 2689 1339 2759; baseline -0.003 -19"><span class='ocrx_word' id='word_1_247' title='bbox 170 2718 173 2730; x_wconf 68' lang='lat'>‚</span> <span class='ocrx_word' id='word_1_248' title='bbox 236 2699 294 2741; x_wconf 83' lang='lat' dir='ltr'><strong>cet:</strong></span> <span class='ocrx_word' id='word_1_249' title='bbox 312 2693 718 2759; x_wconf 74' lang='lat' dir='ltr'><strong>‘UrbtrNicopolisconciderat3</strong></span> <span class='ocrx_word' id='word_1_250' title='bbox 736 2706 765 2748; x_wconf 89' lang='lat' dir='ltr'><strong>et</strong></span> <span class='ocrx_word' id='word_1_251' title='bbox 836 2694 949 2743; x_wconf 74' lang='lat' dir='ltr'><strong>landind</strong></span> <span class='ocrx_word' id='word_1_252' title='bbox 966 2692 1114 2755; x_wconf 83' lang='lat' dir='ltr'><strong>exemptum</strong></span> <span class='ocrx_word' id='word_1_253' title='bbox 1125 2689 1339 2751; x_wconf 80' lang='lat' dir='ltr'><strong>Atticmreligio·</strong></span> 
     </span>
     <span class='ocr_line' id='line_1_30' title="bbox 235 2764 1339 2833; baseline -0.001 -18"><span class='ocrx_word' id='word_1_254' title='bbox 235 2773 368 2815; x_wconf 88' lang='lat' dir='ltr'><strong>certamen</strong></span> <span class='ocrx_word' id='word_1_255' title='bbox 387 2767 524 2833; x_wconf 86' lang='lat' dir='ltr'><strong>ludicrum,</strong></span> <span class='ocrx_word' id='word_1_256' title='bbox 543 2770 630 2818; x_wconf 85' lang='lat' dir='ltr'><strong>lustris</strong></span> <span class='ocrx_word' id='word_1_257' title='bbox 646 2773 765 2821; x_wconf 86' lang='lat' dir='ltr'><strong>omnihus</strong></span> <span class='ocrx_word' id='word_1_258' title='bbox 804 2767 1254 2831; x_wconf 70' lang='lat' dir='ltr'><strong>niasuntPanathenaea,inqnibus</strong></span> <span class='ocrx_word' id='word_1_259' title='bbox 1262 2764 1339 2829; x_wconf 83' lang='lat' dir='ltr'><strong>pueri</strong></span> 
     </span>
     <span class='ocr_line' id='line_1_31' title="bbox 235 2840 1339 2909; baseline -0.003 -18"><span class='ocrx_word' id='word_1_260' title='bbox 235 2840 766 2906; x_wconf 77' lang='lat' dir='ltr'><strong>solitumfrequentari,intermiserattem-</strong></span> <span class='ocrx_word' id='word_1_261' title='bbox 804 2846 950 2909; x_wconf 76' lang='lat' dir='ltr'><strong>puellaque</strong></span> <span class='ocrx_word' id='word_1_262' title='bbox 965 2842 1049 2893; x_wconf 81' lang='lat' dir='ltr'><strong>t&#39;orma</strong></span> <span class='ocrx_word' id='word_1_263' title='bbox 1062 2841 1206 2905; x_wconf 78' lang='lat' dir='ltr'><strong>conspicui,</strong></span> <span class='ocrx_word' id='word_1_264' title='bbox 1221 2840 1339 2889; x_wconf 85' lang='lat' dir='ltr'><strong>manibtts</strong></span> 
     </span>
     <span class='ocr_line' id='line_1_32' title="bbox 235 2916 1338 2985; baseline -0.002 -19"><span class='ocrx_word' id='word_1_265' title='bbox 235 2918 306 2979; x_wconf 90' lang='lat' dir='ltr'><strong>poris</strong></span> <span class='ocrx_word' id='word_1_266' title='bbox 317 2919 402 2967; x_wconf 85' lang='lat' dir='ltr'><strong>nroesti</strong></span> <span class='ocrx_word' id='word_1_267' title='bbox 414 2917 530 2967; x_wconf 83' lang='lat' dir='ltr'><strong>deforme</strong></span> <span class='ocrx_word' id='word_1_268' title='bbox 537 2920 685 2982; x_wconf 61' lang='lat' dir='ltr'><strong>justitium?</strong></span> <span class='ocrx_word' id='word_1_269' title='bbox 805 2922 928 2985; x_wconf 79' lang='lat' dir='ltr'><strong>amplexi,</strong></span> <span class='ocrx_word' id='word_1_270' title='bbox 945 2935 994 2985; x_wconf 91' lang='lat' dir='ltr'><strong>per</strong></span> <span class='ocrx_word' id='word_1_271' title='bbox 1009 2920 1128 2969; x_wconf 77' lang='lat' dir='ltr'><strong>diversos</strong></span> <span class='ocrx_word' id='word_1_272' title='bbox 1136 2916 1220 2965; x_wconf 81' lang='lat' dir='ltr'><strong>flexus</strong></span> <span class='ocrx_word' id='word_1_273' title='bbox 1231 2916 1338 2979; x_wconf 76' lang='lat' dir='ltr'><strong>Pyrrhi·</strong></span> 
     </span>
     <span class='ocr_line' id='line_1_33' title="bbox 268 2994 1328 3065; baseline 0.002 -23"><span class='ocrx_word' id='word_1_274' title='bbox 268 2994 766 3065; x_wconf 77' lang='lat' dir='ltr'><strong>Fuitantemoertamentriplex,Gysa·</strong></span> <span class='ocrx_word' id='word_1_275' title='bbox 805 2998 879 3045; x_wconf 75' lang='lat' dir='ltr'><strong>chun</strong></span> <span class='ocrx_word' id='word_1_276' title='bbox 889 2997 1027 3047; x_wconf 81' lang='lat' dir='ltr'><strong>saltabant.</strong></span> <span class='ocrx_word' id='word_1_277' title='bbox 1051 2996 1190 3044; x_wconf 59' lang='grc' dir='ltr'><strong>(Μανία.</strong></span> <span class='ocrx_word' id='word_1_278' title='bbox 1243 3015 1247 3021; x_wconf 89' lang='grc'><strong><em>·</em></strong></span> <span class='ocrx_word' id='word_1_279' title='bbox 1325 3012 1328 3019; x_wconf 96' lang='grc'><strong><em>·</em></strong></span> 
     </span>
     <span class='ocr_line' id='line_1_34' title="bbox 231 3069 1339 3136; baseline -0.003 -14"><span class='ocrx_word' id='word_1_280' title='bbox 231 3072 323 3135; x_wconf 60' lang='lat' dir='ltr'><strong>nuum,</strong></span> <span class='ocrx_word' id='word_1_281' title='bbox 340 3072 468 3135; x_wconf 73' lang='lat' dir='ltr'><strong>Matinum,</strong></span> <span class='ocrx_word' id='word_1_282' title='bbox 484 3080 513 3123; x_wconf 89' lang='lat' dir='ltr'><strong>et</strong></span> <span class='ocrx_word' id='word_1_283' title='bbox 522 3074 648 3136; x_wconf 64' lang='grc' dir='ltr'><strong>Εςιιεεινο,</strong></span> <span class='ocrx_word' id='word_1_284' title='bbox 666 3084 696 3125; x_wconf 91' lang='lat' dir='ltr'><strong>ut</strong></span> <span class='ocrx_word' id='word_1_285' title='bbox 712 3078 766 3128; x_wconf 85' lang='lat' dir='ltr'><strong>Dio</strong></span> <span class='ocrx_word' id='word_1_286' title='bbox 837 3074 927 3122; x_wconf 68' lang='lat' dir='ltr'><strong>strue</strong></span> <span class='ocrx_word' id='word_1_287' title='bbox 943 3072 1079 3135; x_wconf 69' lang='lat' dir='ltr'><strong>religiosis]</strong></span> <span class='ocrx_word' id='word_1_288' title='bbox 1102 3073 1206 3135; x_wconf 72' lang='lat' dir='ltr'><strong>legunt</strong></span> <span class='ocrx_word' id='word_1_289' title='bbox 1221 3069 1339 3132; x_wconf 66' lang='lat' dir='ltr'><strong>Aaou,</strong></span> 
     </span>
     <span class='ocr_line' id='line_1_35' title="bbox 235 3147 1338 3214; baseline 0 -19"><span class='ocrx_word' id='word_1_290' title='bbox 235 3148 319 3196; x_wconf 90' lang='lat' dir='ltr'><strong>tradit</strong></span> <span class='ocrx_word' id='word_1_291' title='bbox 338 3148 356 3197; x_wconf 90' lang='lat'><strong>1.</strong></span> <span class='ocrx_word' id='word_1_292' title='bbox 369 3162 407 3198; x_wconf 82' lang='lat' dir='ltr'><strong>ar.</strong></span> <span class='ocrx_word' id='word_1_293' title='bbox 427 3164 503 3214; x_wconf 84' lang='lat' dir='ltr'><strong>quem</strong></span> <span class='ocrx_word' id='word_1_294' title='bbox 520 3148 589 3199; x_wconf 82' lang='lat' dir='ltr'><strong>ride.</strong></span> <span class='ocrx_word' id='word_1_295' title='bbox 621 3150 688 3201; x_wconf 78' lang='lat' dir='ltr'><strong>Haec</strong></span> <span class='ocrx_word' id='word_1_296' title='bbox 708 3168 766 3201; x_wconf 86' lang='lat' dir='ltr'><strong>mea</strong></span> <span class='ocrx_word' id='word_1_297' title='bbox 804 3148 926 3197; x_wconf 68' lang='lat' dir='ltr'><strong>Aetna.-</strong></span> <span class='ocrx_word' id='word_1_298' title='bbox 941 3148 989 3197; x_wconf 88' lang='lat' dir='ltr'><strong>sed</strong></span> <span class='ocrx_word' id='word_1_299' title='bbox 1003 3150 1115 3198; x_wconf 82' lang='lat' dir='ltr'><strong>maxime</strong></span> <span class='ocrx_word' id='word_1_300' title='bbox 1132 3148 1161 3196; x_wconf 91' lang='lat' dir='ltr'><strong>in</strong></span> <span class='ocrx_word' id='word_1_301' title='bbox 1171 3148 1283 3196; x_wconf 79' lang='lat' dir='ltr'><strong>Graecos</strong></span> <span class='ocrx_word' id='word_1_302' title='bbox 1299 3147 1338 3195; x_wconf 65' lang='lat' dir='ltr'><strong>in⁴</strong></span> 
     </span>
     <span class='ocr_line' id='line_1_36' title="bbox 235 3214 1339 3290; baseline 0.001 -20"><span class='ocrx_word' id='word_1_303' title='bbox 235 3222 298 3271; x_wconf 84' lang='lat' dir='ltr'><strong>olim</strong></span> <span class='ocrx_word' id='word_1_304' title='bbox 307 3224 766 3290; x_wconf 67' lang='lat' dir='ltr'><strong>menqscdntmnltainhachpxam-</strong></span> <span class='ocrx_word' id='word_1_305' title='bbox 804 3224 920 3273; x_wconf 84' lang='lat' dir='ltr'><strong>cliuabat</strong></span> <span class='ocrx_word' id='word_1_306' title='bbox 941 3226 1022 3275; x_wconf 85' lang='lat' dir='ltr'><strong>Nero.</strong></span> <span class='ocrx_word' id='word_1_307' title='bbox 1062 3226 1119 3273; x_wconf 85' lang='lat' dir='ltr'><strong>Hos</strong></span> <span class='ocrx_word' id='word_1_308' title='bbox 1140 3232 1171 3273; x_wconf 85' lang='lat' dir='ltr'><strong>nt</strong></span> <span class='ocrx_word' id='word_1_309' title='bbox 1190 3214 1339 3287; x_wconf 72' lang='lat' dir='ltr'><strong>praecipuos</strong></span> 
     </span>
     <span class='ocr_line' id='line_1_37' title="bbox 236 3298 1339 3369; baseline 0.002 -23"><span class='ocrx_word' id='word_1_310' title='bbox 236 3298 308 3363; x_wconf 65' lang='grc' dir='ltr'><strong>λαγίφ</strong></span> <span class='ocrx_word' id='word_1_311' title='bbox 326 3300 435 3357; x_wconf 81' lang='lat' dir='ltr'><strong>incerta,</strong></span> <span class='ocrx_word' id='word_1_312' title='bbox 453 3316 501 3350; x_wconf 89' lang='lat' dir='ltr'><strong>nec</strong></span> <span class='ocrx_word' id='word_1_313' title='bbox 518 3315 629 3365; x_wconf 90' lang='lat' dir='ltr'><strong>unquam</strong></span> <span class='ocrx_word' id='word_1_314' title='bbox 641 3306 765 3369; x_wconf 84' lang='lat' dir='ltr'><strong>eruenda,</strong></span> <span class='ocrx_word' id='word_1_315' title='bbox 805 3301 951 3351; x_wconf 82' lang='lat' dir='ltr'><strong>adulatores</strong></span> <span class='ocrx_word' id='word_1_316' title='bbox 962 3302 1109 3363; x_wconf 85' lang='lat' dir='ltr'><strong>adamabat,</strong></span> <span class='ocrx_word' id='word_1_317' title='bbox 1115 3301 1279 3363; x_wconf 83' lang='lat' dir='ltr'><strong>vicissimque</strong></span> <span class='ocrx_word' id='word_1_318' title='bbox 1286 3302 1339 3349; x_wconf 90' lang='lat' dir='ltr'><strong>lan·</strong></span> 
     </span>
     <span class='ocr_line' id='line_1_38' title="bbox 236 3374 1338 3443; baseline -0.003 -18"><span class='ocrx_word' id='word_1_319' title='bbox 236 3378 278 3425; x_wconf 92' lang='lat' dir='ltr'><strong>hic</strong></span> <span class='ocrx_word' id='word_1_320' title='bbox 293 3378 372 3427; x_wconf 86' lang='lat' dir='ltr'><strong>etiam</strong></span> <span class='ocrx_word' id='word_1_321' title='bbox 388 3377 552 3441; x_wconf 90' lang='lat' dir='ltr'><strong>dissentiunt,</strong></span> <span class='ocrx_word' id='word_1_322' title='bbox 569 3386 597 3427; x_wconf 93' lang='lat' dir='ltr'><strong>et</strong></span> <span class='ocrx_word' id='word_1_323' title='bbox 608 3380 648 3427; x_wconf 88' lang='lat' dir='ltr'><strong>vir</strong></span> <span class='ocrx_word' id='word_1_324' title='bbox 658 3396 765 3443; x_wconf 85' lang='lat' dir='ltr'><strong>pereru-</strong></span> <span class='ocrx_word' id='word_1_325' title='bbox 805 3379 884 3429; x_wconf 85' lang='lat' dir='ltr'><strong>dabat</strong></span> <span class='ocrx_word' id='word_1_326' title='bbox 892 3378 1104 3441; x_wconf 85' lang='lat' dir='ltr'><strong>adulabatnrqne,</strong></span> <span class='ocrx_word' id='word_1_327' title='bbox 1112 3376 1259 3439; x_wconf 76' lang='lat' dir='ltr'><strong>praesertim</strong></span> <span class='ocrx_word' id='word_1_328' title='bbox 1267 3374 1338 3438; x_wconf 82' lang='lat' dir='ltr'><strong>qnod</strong></span> 
     </span>
     <span class='ocr_line' id='line_1_39' title="bbox 237 3451 1340 3519; baseline -0.002 -18"><span class='ocrx_word' id='word_1_329' title='bbox 237 3452 306 3502; x_wconf 84' lang='lat' dir='ltr'><strong>ditos</strong></span> <span class='ocrx_word' id='word_1_330' title='bbox 324 3459 412 3502; x_wconf 90' lang='lat' dir='ltr'><strong>tuetur</strong></span> <span class='ocrx_word' id='word_1_331' title='bbox 423 3454 555 3516; x_wconf 83' lang='lat' dir='ltr'><strong>vulgatam</strong></span> <span class='ocrx_word' id='word_1_332' title='bbox 575 3454 721 3519; x_wconf 87' lang='lat' dir='ltr'><strong>lectionem,</strong></span> <span class='ocrx_word' id='word_1_333' title='bbox 736 3465 765 3506; x_wconf 91' lang='lat' dir='ltr'><strong>et</strong></span> <span class='ocrx_word' id='word_1_334' title='bbox 803 3454 837 3502; x_wconf 81' lang='lat' dir='ltr'><strong>sd</strong></span> <span class='ocrx_word' id='word_1_335' title='bbox 853 3456 927 3503; x_wconf 85' lang='lat' dir='ltr'><strong>ludos</strong></span> <span class='ocrx_word' id='word_1_336' title='bbox 937 3454 1052 3503; x_wconf 81' lang='lat' dir='ltr'><strong>metricos</strong></span> <span class='ocrx_word' id='word_1_337' title='bbox 1066 3460 1095 3501; x_wconf 87' lang='lat' dir='ltr'><strong>et</strong></span> <span class='ocrx_word' id='word_1_338' title='bbox 1112 3451 1246 3502; x_wconf 80' lang='lat' dir='ltr'><strong>lasciviam</strong></span> <span class='ocrx_word' id='word_1_339' title='bbox 1263 3452 1340 3501; x_wconf 66' lang='lat' dir='ltr'><strong>mea«</strong></span> 
     </span>
     <span class='ocr_line' id='line_1_40' title="bbox 237 3528 1054 3596; baseline 0.001 -20"><span class='ocrx_word' id='word_1_340' title='bbox 237 3528 388 3590; x_wconf 81' lang='lat' dir='ltr'><strong>explicatio</strong></span> <span class='ocrx_word' id='word_1_341' title='bbox 401 3528 547 3591; x_wconf 90' lang='lat' dir='ltr'><strong>Agonistici</strong></span> <span class='ocrx_word' id='word_1_342' title='bbox 557 3530 595 3579; x_wconf 88' lang='lat' dir='ltr'><strong>sni</strong></span> <span class='ocrx_word' id='word_1_343' title='bbox 606 3531 623 3580; x_wconf 89' lang='lat' dir='ltr'><strong>l.</strong></span> <span class='ocrx_word' id='word_1_344' title='bbox 633 3544 676 3583; x_wconf 88' lang='lat'>111.</span> <span class='ocrx_word' id='word_1_345' title='bbox 686 3547 764 3596; x_wconf 91' lang='lat' dir='ltr'><strong>quem</strong></span> <span class='ocrx_word' id='word_1_346' title='bbox 804 3533 896 3580; x_wconf 85' lang='lat' dir='ltr'><strong>trahem</strong></span> <span class='ocrx_word' id='word_1_347' title='bbox 908 3530 1054 3594; x_wconf 82' lang='lat' dir='ltr'><strong>spectabat.</strong></span> 
     </span>
     <span class='ocr_line' id='line_1_41' title="bbox 237 3602 1370 3671; baseline 0.002 -20"><span class='ocrx_word' id='word_1_348' title='bbox 237 3602 301 3652; x_wconf 87' lang='lat' dir='ltr'><strong>licet</strong></span> <span class='ocrx_word' id='word_1_349' title='bbox 310 3603 389 3653; x_wconf 87' lang='lat' dir='ltr'><strong>adire.</strong></span> <span class='ocrx_word' id='word_1_350' title='bbox 417 3604 523 3667; x_wconf 63' lang='lat' dir='ltr'><strong>lipsius.</strong></span> <span class='ocrx_word' id='word_1_351' title='bbox 836 3608 905 3657; x_wconf 81' lang='lat' dir='ltr'><strong>Hinc</strong></span> <span class='ocrx_word' id='word_1_352' title='bbox 928 3607 1089 3671; x_wconf 86' lang='lat' dir='ltr'><strong>gymnasium</strong></span> <span class='ocrx_word' id='word_1_353' title='bbox 1108 3604 1242 3654; x_wconf 86' lang='lat' dir='ltr'><strong>dedicavit</strong></span> <span class='ocrx_word' id='word_1_354' title='bbox 1262 3617 1336 3653; x_wconf 81' lang='lat' dir='ltr'><strong>more</strong></span> <span class='ocrx_word' id='word_1_355' title='bbox 1367 3629 1370 3635; x_wconf 93' lang='lat'>·</span> 
     </span>
     <span class='ocr_line' id='line_1_42' title="bbox 267 3679 1371 3747; baseline 0.002 -21"><span class='ocrx_word' id='word_1_356' title='bbox 267 3679 358 3727; x_wconf 75' lang='lat' dir='ltr'><strong>Attice</strong></span> <span class='ocrx_word' id='word_1_357' title='bbox 365 3680 498 3743; x_wconf 77' lang='lat' dir='ltr'><strong>religiosis]</strong></span> <span class='ocrx_word' id='word_1_358' title='bbox 514 3679 623 3731; x_wconf 88' lang='lat' dir='ltr'><strong>Celebre</strong></span> <span class='ocrx_word' id='word_1_359' title='bbox 632 3690 764 3734; x_wconf 82' lang='lat' dir='ltr'><strong>certamen</strong></span> <span class='ocrx_word' id='word_1_360' title='bbox 804 3686 909 3746; x_wconf 72' lang='lat' dir='ltr'><strong>Graes,</strong></span> <span class='ocrx_word' id='word_1_361' title='bbox 920 3683 1083 3747; x_wconf 78' lang='lat' dir='ltr'><strong>praebuitque</strong></span> <span class='ocrx_word' id='word_1_362' title='bbox 1094 3682 1180 3730; x_wconf 90' lang='lat' dir='ltr'><strong>oleum</strong></span> <span class='ocrx_word' id='word_1_363' title='bbox 1190 3680 1288 3729; x_wconf 87' lang='lat' dir='ltr'><strong>etism‘</strong></span> <span class='ocrx_word' id='word_1_364' title='bbox 1299 3679 1337 3728; x_wconf 80' lang='lat' dir='ltr'><strong>fn·</strong></span> <span class='ocrx_word' id='word_1_365' title='bbox 1366 3710 1371 3717; x_wconf 80' lang='lat'><strong>·</strong></span> 
     </span>
     <span class='ocr_line' id='line_1_43' title="bbox 236 3755 1335 3821; baseline -0.004 -12"><span class='ocrx_word' id='word_1_366' title='bbox 236 3758 348 3811; x_wconf 77' lang='lat' dir='ltr'><strong>Athenis</strong></span> <span class='ocrx_word' id='word_1_367' title='bbox 366 3758 492 3807; x_wconf 70' lang='lat' dir='ltr'><strong>Minerva</strong></span> <span class='ocrx_word' id='word_1_368' title='bbox 511 3772 619 3821; x_wconf 82' lang='lat' dir='ltr'><strong>sacrum,</strong></span> <span class='ocrx_word' id='word_1_369' title='bbox 633 3761 765 3812; x_wconf 86' lang='lat' dir='ltr'><strong>Panathe-</strong></span> <span class='ocrx_word' id='word_1_370' title='bbox 804 3761 907 3810; x_wconf 77' lang='lat' dir='ltr'><strong>uilitate</strong></span> <span class='ocrx_word' id='word_1_371' title='bbox 929 3757 1041 3809; x_wconf 70' lang='lat' dir='ltr'><strong>(lt-tucn.⁸</strong></span> <span class='ocrx_word' id='word_1_372' title='bbox 1073 3759 1109 3806; x_wconf 89' lang='lat' dir='ltr'><strong>Et</strong></span> <span class='ocrx_word' id='word_1_373' title='bbox 1129 3756 1243 3819; x_wconf 89' lang='lat' dir='ltr'><strong>Neapoli</strong></span> <span class='ocrx_word' id='word_1_374' title='bbox 1270 3755 1335 3805; x_wconf 84' lang='lat' dir='ltr'><strong>urbe</strong></span> 
     </span>
     <span class='ocr_line' id='line_1_44' title="bbox 236 3832 1337 3901; baseline -0.002 -18"><span class='ocrx_word' id='word_1_375' title='bbox 236 3834 351 3883; x_wconf 75' lang='lat' dir='ltr'><strong>umorum</strong></span> <span class='ocrx_word' id='word_1_376' title='bbox 360 3838 409 3893; x_wconf 90' lang='lat' dir='ltr'><strong>est,</strong></span> <span class='ocrx_word' id='word_1_377' title='bbox 419 3848 476 3897; x_wconf 86' lang='lat' dir='ltr'><strong>quae</strong></span> <span class='ocrx_word' id='word_1_378' title='bbox 493 3834 561 3883; x_wconf 88' lang='lat' dir='ltr'><strong>unde</strong></span> <span class='ocrx_word' id='word_1_379' title='bbox 572 3835 608 3884; x_wconf 85' lang='lat' dir='ltr'><strong>sie</strong></span> <span class='ocrx_word' id='word_1_380' title='bbox 620 3836 764 3901; x_wconf 86' lang='lat' dir='ltr'><strong>dictasint,</strong></span> <span class='ocrx_word' id='word_1_381' title='bbox 805 3836 899 3885; x_wconf 73' lang='lat' dir='ltr'><strong>Groeca</strong></span> <span class='ocrx_word' id='word_1_382' title='bbox 923 3834 1119 3884; x_wconf 84' lang='lat' dir='ltr'><strong>citharoedicam</strong></span> <span class='ocrx_word' id='word_1_383' title='bbox 1139 3840 1224 3882; x_wconf 86' lang='lat' dir='ltr'><strong>artem</strong></span> <span class='ocrx_word' id='word_1_384' title='bbox 1249 3832 1337 3895; x_wconf 79' lang='lat' dir='ltr'><strong>palam</strong></span> 
     </span>
     <span class='ocr_line' id='line_1_45' title="bbox 236 3907 1336 3976; baseline 0 -19"><span class='ocrx_word' id='word_1_385' title='bbox 236 3908 351 3963; x_wconf 87' lang='lat' dir='ltr'><strong>studiose</strong></span> <span class='ocrx_word' id='word_1_386' title='bbox 369 3907 505 3976; x_wconf 80' lang='lat' dir='ltr'><strong>exquisivit</strong></span> <span class='ocrx_word' id='word_1_387' title='bbox 525 3909 668 3960; x_wconf 84' lang='lat' dir='ltr'><strong>Pausanias</strong></span> <span class='ocrx_word' id='word_1_388' title='bbox 683 3911 764 3961; x_wconf 88' lang='lat' dir='ltr'><strong>Arca-</strong></span> <span class='ocrx_word' id='word_1_389' title='bbox 804 3910 921 3975; x_wconf 82' lang='lat' dir='ltr'><strong>profiteri</strong></span> <span class='ocrx_word' id='word_1_390' title='bbox 942 3912 1032 3975; x_wconf 85' lang='lat' dir='ltr'><strong>coepit.</strong></span> <span class='ocrx_word' id='word_1_391' title='bbox 1063 3910 1135 3960; x_wconf 87' lang='lat' dir='ltr'><strong>Hinc</strong></span> <span class='ocrx_word' id='word_1_392' title='bbox 1157 3907 1288 3973; x_wconf 84' lang='lat' dir='ltr'><strong>profectio</strong></span> <span class='ocrx_word' id='word_1_393' title='bbox 1307 3907 1336 3957; x_wconf 85' lang='lat' dir='ltr'><strong>in</strong></span> 
     </span>
     <span class='ocr_line' id='line_1_46' title="bbox 206 3979 1335 4051; baseline 0.001 -18"><span class='ocrx_word' id='word_1_394' title='bbox 206 4033 208 4039; x_wconf 85' lang='grc'>,</span> <span class='ocrx_word' id='word_1_395' title='bbox 236 3982 310 4041; x_wconf 83' lang='lat' dir='ltr'><strong>dicis.</strong></span> <span class='ocrx_word' id='word_1_396' title='bbox 332 3985 426 4033; x_wconf 86' lang='lat' dir='ltr'><strong>Eorum</strong></span> <span class='ocrx_word' id='word_1_397' title='bbox 436 3979 573 4045; x_wconf 82' lang='lat' dir='ltr'><strong>festivitas,</strong></span> <span class='ocrx_word' id='word_1_398' title='bbox 582 3991 610 4032; x_wconf 90' lang='lat' dir='ltr'><strong>nt</strong></span> <span class='ocrx_word' id='word_1_399' title='bbox 618 3984 709 4035; x_wconf 77' lang='lat' dir='ltr'><strong>suidas</strong></span> <span class='ocrx_word' id='word_1_400' title='bbox 717 3986 766 4051; x_wconf 84' lang='lat' dir='ltr'><strong>ait,</strong></span> <span class='ocrx_word' id='word_1_401' title='bbox 804 3988 938 4050; x_wconf 86' lang='lat' dir='ltr'><strong>Achaiam,</strong></span> <span class='ocrx_word' id='word_1_402' title='bbox 957 3996 988 4037; x_wconf 83' lang='lat' dir='ltr'><strong>ut</strong></span> <span class='ocrx_word' id='word_1_403' title='bbox 1005 3988 1043 4037; x_wconf 93' lang='lat' dir='ltr'><strong>ibi</strong></span> <span class='ocrx_word' id='word_1_404' title='bbox 1058 3986 1142 4036; x_wconf 84' lang='lat' dir='ltr'><strong>veluti</strong></span> <span class='ocrx_word' id='word_1_405' title='bbox 1157 3998 1231 4035; x_wconf 83' lang='lat' dir='ltr'><strong>more</strong></span> <span class='ocrx_word' id='word_1_406' title='bbox 1249 3984 1335 4049; x_wconf 78' lang='lat' dir='ltr'><strong>patrio</strong></span> 
     </span>
     <span class='ocr_line' id='line_1_47' title="bbox 237 4058 1368 4129; baseline 0.001 -20"><span class='ocrx_word' id='word_1_407' title='bbox 237 4070 264 4113; x_wconf 88' lang='lat' dir='ltr'><strong>et</strong></span> <span class='ocrx_word' id='word_1_408' title='bbox 273 4059 476 4129; x_wconf 81' lang='lat' dir='ltr'><strong>quinquennalis,</strong></span> <span class='ocrx_word' id='word_1_409' title='bbox 485 4059 695 4111; x_wconf 86' lang='lat' dir='ltr'><strong>etanniversaria</strong></span> <span class='ocrx_word' id='word_1_410' title='bbox 705 4058 764 4111; x_wconf 79' lang='lat' dir='ltr'><strong>t&#39;nit.</strong></span> <span class='ocrx_word' id='word_1_411' title='bbox 803 4064 920 4125; x_wconf 85' lang='lat' dir='ltr'><strong>auderet,</strong></span> <span class='ocrx_word' id='word_1_412' title='bbox 935 4063 1005 4129; x_wconf 88' lang='lat' dir='ltr'><strong>qnod</strong></span> <span class='ocrx_word' id='word_1_413' title='bbox 1021 4064 1111 4114; x_wconf 69' lang='lat' dir='ltr'><strong>Roma</strong></span> <span class='ocrx_word' id='word_1_414' title='bbox 1121 4062 1336 4111; x_wconf 76' lang='lat' dir='ltr'><strong>indecornmsw</strong></span> <span class='ocrx_word' id='word_1_415' title='bbox 1363 4090 1368 4097; x_wconf 84' lang='lat'><strong>·</strong></span> 
     </span>
     <span class='ocr_line' id='line_1_48' title="bbox 267 4133 1001 4203; baseline -0.001 -12"><span class='ocrx_word' id='word_1_416' title='bbox 267 4133 765 4203; x_wconf 73' lang='lat' dir='ltr'><strong>sedeum‚rterone1v.cometiocos</strong></span> <span class='ocrx_word' id='word_1_417' title='bbox 803 4138 1001 4191; x_wconf 82' lang='lat' dir='ltr'><strong>timrideretur.</strong></span> 
     </span>
    </p>
   </div>
   <div class='ocr_carea' id='block_1_4' title="bbox 0 0 1497 4850">
    <p class='ocr_par' dir='ltr' id='par_1_4' title="bbox 0 0 1497 4850">
     <span class='ocr_line' id='line_1_49' title="bbox 0 0 1497 4850; baseline 0 0"><span class='ocrx_word' id='word_1_418' title='bbox 0 0 1497 4850; x_wconf 95' lang='lat' dir='ltr'><strong> </strong></span> 
     </span>
    </p>
   </div>
  </div>
 </body>
</html>
