2984 4850
128 410 268 484 raas]
481 403 687 485 suasuros
712 403 785 453 nrn.
809 402 893 454 xrr.
1151 389 1241 459 1763

131 549 264 622 minum¹
285 546 442 612 aemulum
468 563 536 608 non
564 545 718 609 tolerans.
765 542 920 610 Ceterum
947 565 1035 625 cum,
1062 535 1172 611 vetere
1195 543 1241 614 ei

132 659 250 727 more,¹
274 649 437 712 familiam
460 653 616 724 omnem,¹
632 665 708 728 quae
732 647 796 711 sub
811 647 928 710 eodem
941 653 1029 712 tecto
1043 649 1241 714 mansitave-
1259 640 1266 651 ⁸

131 759 197 829 rat,
214 749 258 814 ad
284 750 490 832 supplicium
514 749 567 829 agi
591 751 765 831 oporteret,
787 768 951 812 concursu
964 750 1086 831 plebiS,
1103 769 1178 831 qnae
1192 750 1242 813 tot

131 851 291 917 innoxios
314 849 521 932 protegebat,
537 868 641 930 usque
656 847 698 910 ad
713 848 908 913 seditionem
930 855 1064 914 ventum
1087 855 1156 913 est:
1180 841 1241 914 Sess

131 957 289 1034 natuque¹
304 951 339 1012 in
351 951 443 1031 ipso4
457 954 547 1012 erant
562 948 671 1012 studia
685 948 821 1013 nimiam
837 952 1047 1015 severitatem
1062 945 1242 1034 aspernanss

132 1053 228 1128 tium,
242 1051 391 1133 pluribus
407 1048 488 1111 nihil
509 1048 712 1113 mutandum⁵
740 1054 957 1116 censentibus.
1002 1035 1058 1114 Ex'
1081 1050 1171 1134 quis⁶
1196 1050 1236 1116 C.

133 1151 290 1228 Cassius,
307 1151 477 1214 sententiae
493 1151 580 1226 locu,
596 1150 631 1212 in
644 1151 731 1215 hunc
746 1152 881 1215 modum
896 1153 1060 1218 disseruit

177 1255 234 1318 43.
259 1252 519 1335 ‘Saepenumero
536 1251 578 1314 P.
595 1249 634 1314 G.
649 1252 684 1314 in
700 1251 764 1315 boc
786 1252 899 1317 ordine
912 1255 1055 1337 interfui,
1071 1272 1147 1318 curn
1162 1274 1242 1318 con·

133 1359 185 1424 tra
207 1355 357 1417 instituta
378 1357 412 1416 et
431 1341 521 1433 leges
542 1351 704 1434 majorum
721 1371 810 1417 nova
824 1351 966 1418 Senatus
981 1354 1114 1420 decreta
1126 1362 1243 1439 postu·

132 1500 243 1562 infestus,
255 1506 279 1550 et
289 1501 378 1550 domini
389 1500 473 1550 rivalis
482 1499 615 1562 impatiens.
652 1504 762 1551 Gelonem
778 1518 829 1551 eurr
845 1518 876 1551 ex
892 1504 970 1566 prisco
980 1503 1099 1562 indilato,
1109 1505 1140 1551 od
1150 1518 1242 1566 poesors

132 1566 199 1614 irati
210 1569 327 1628 oporteret
337 1580 414 1614 omues
424 1579 508 1623 seruos,
519 1567 558 1626 qui
575 1567 600 1614 io
616 1569 696 1616 eadem
716 1570 782 1615 domo
800 1567 974 1629 lectitaverant,
985 1569 1115 1630 confluente
1133 1569 1242 1616 multitu·

133 1630 199 1690 disse,
210 1645 263 1692 quo
273 1633 309 1676 tot
318 1630 420 1678 insontes
430 1628 579 1688 defendebat,
595 1643 665 1691 osque
675 1633 706 1678 od
717 1631 859 1679 discordiam
869 1637 977 1694 provecto
987 1646 1025 1679 res
1034 1637 1086 1680 est:
1103 1636 1127 1680 ct
1137 1631 1164 1680 is
1174 1632 1242 1683 mio

132 1695 187 1756 ipso
203 1698 272 1741 nort
288 1694 410 1741 seatestioe
421 1692 530 1742 Patrunr
541 1693 638 1742 simiam
648 1695 801 1743 acerbitatem
811 1699 1013 1757 contemnentium,
1021 1696 1174 1758 pluribusque
1183 1695 1245 1744 nibil

133 1758 294 1818 mondum
304 1757 464 1806 sentiertiboo.
497 1757 565 1804 Inter
573 1771 629 1819 quor
642 1760 670 1806 C.
684 1759 783 1807 Cassius
790 1774 833 1820 pro
842 1761 960 1808 sententio
971 1761 1007 1808 ita
1018 1775 1115 1808 exossas
1125 1764 1171 1808 est.

168 1821 244 1886 Saepe
251 1819 314 1869 affui
322 1820 356 1870 P.
364 1821 392 1870 C.
399 1821 427 1869 in
434 1821 482 1870 hac
489 1822 569 1882 curia,
578 1835 638 1869 cum
645 1835 712 1872 nova
722 1824 840 1871 consulta
850 1820 1142 1886 patrnmflagitarentur
1152 1822 1244 1873 adrer-

135 2029 178 2079 bis
189 2029 311 2092 dicatnr';
328 2028 374 2078 sed
385 2030 434 2080 hoc
445 2030 531 2094 potius
543 2030 576 2080 de
590 2029 694 2091 roem
711 2031 792 2080 valet.
826 2031 980 2081 osolla—4
996 2032 1038 2082 Sic
1049 2032 1116 2082 bene
1129 2031 1160 2080 Li
1165 2032 1246 2096 psius.

134 2093 167 2143 In
188 2095 253 2146 Mss.
275 2102 303 2144 et
323 2093 478 2143 editionibus
496 2094 635 2157 ueteribus,
656 2100 793 2158 senatusque
810 2095 836 2143 is
854 2110 898 2158 quo
913 2096 971 2159 ipse,
985 2097 1027 2144 vel
1042 2095 1103 2160 ipso,
1124 2098 1165 2145 rel
1184 2097 1244 2158 ipso.

135 2158 302 2208 Breues—5
319 2159 472 2208 Molendum
490 2159 541 2207 Ms.
558 2159 626 2209 Flor.
644 2170 672 2208 et
684 2159 725 2207 ed.
737 2174 778 2222 pr.
792 2159 892 2210 vitiose.
926 2161 1074 2210 Errat-tl
1093 2161 1248 2218 mairo..

136 2223 207 2272 Flor.
220 2222 297 2272 Corh.
309 2222 389 2273 editio
402 2222 522 2287 princeps
533 2228 561 2272 et
571 2222 739 2276 recentiores.
774 2223 807 2274 In
819 2225 883 2276 Mos.
896 2223 972 2276 Harl.
984 2224 1062 2275 Bodl.
1079 2225 1135 2278 des.
1153 2231 1181 2274 et
1191 2224 1246 2290 Pa,-

136 2285 366 2352 teolanns,qoitor.
398 2287 514 2338 Brotier.

640 2403 749 2455 NO'l'AE

136 2510 228 2556 retsre
247 2500 403 2557 Alexander⁸
417 2507 574 2572 Imperator.
613 2508 684 2561 Hoc¹
714 2509 748 2560 de
768 2509 859 2573 qulbus
878 2508 1011 2573 Cujscium
1030 2505 1090 2557 ride
1107 2504 1247 2560 observet.

136 2582 247 2632 verbum
263 2582 386 2649 frequens
404 2590 444 2635 est
461 2586 592 2636 Suetonio.
608 2618 610 2623 ,
624 2587 673 2635 Lo·
714 2596 735 2634 r.
747 2588 787 2634 18.
798 2591 827 2634 et
838 2598 866 2635 x.
877 2588 918 2633 ³3.

135 2670 223 2720 posu.
424 2704 427 2711 ,
746 2659 835 2722 Addo,
846 2675 880 2708 ne
898 2658 1015 2708 foeminas
1033 2657 1138 2723 quidem
1155 2657 1247 2708 immu-

72 2723 75 2731 ’
144 2734 340 2785 'Exoletorurn
355 2742 460 2786 etatem
476 2752 557 2802 usque
578 2738 611 2788 sd
631 2742 672 2789 28.
713 2750 760 2784 nes
768 2742 945 2799 exceptosque
955 2734 1048 2784 foisse:
1065 2749 1153 2783 suasus
1163 2734 1248 2784 Taciti

138 2822 235 2863 aunum
246 2811 433 2878 extendebant,
449 2820 478 2864 et
495 2814 564 2865 sorte
583 2816 675 2880 spsdo·
714 2811 783 2861 infra
804 2812 901 2874 verbio,
923 2826 1053 2874 sumerum,
1075 2809 1179 2874 ototeos,
1205 2817 1248 2864 out

137 2884 289 2934 numnltra.
714 2902 795 2937 sean
815 2888 992 2938 munatius:
1020 2888 1083 2936 item
1111 2885 1248 2949 rescriptio

170 2966 187 2991 '¹
204 2959 327 3024 infensio]
342 2962 467 3026 Suspicor
480 2964 627 3030 legendnm,
637 2965 674 3015 irr-
715 2962 844 3013 Hadriani
855 2964 872 3013 l.
884 2978 905 3014 r.
917 2963 950 3012 de
961 2963 1011 3013 SC.
1023 2962 1162 3011 Silaniano.
1189 2960 1249 3025 Lip-

137 3048 229 3084 msss.
264 3036 332 3085 Nam
353 3038 432 3089 verba
446 3053 506 3103 quae
522 3048 675 3104 sequuntur,
713 3037 770 3088 sios.

139 3112 190 3159 ‘et
200 3108 330 3160 dominnm
343 3114 463 3162 aemulum
475 3128 525 3164 non
545 3116 675 3179 tolerans,'
746 3113 904 3162 ’Foroilioor
925 3110 1028 3173 orarem]
1055 3111 1249 3162 Prolatus.

138 3183 209 3234 idern
219 3184 374 3249 significant,
384 3189 452 3253 quod
461 3188 563 3239 servum
572 3191 674 3242 domino
710 3188 832 3238 Senteul.
848 3187 975 3236 ‘Domino
985 3185 1078 3248 occiso,
1087 3184 1120 3233 de
1132 3199 1165 3234 ea
1174 3184 1247 3234 sarni·

140 3260 272 3311 infensum
284 3270 392 3327 propter
404 3252 603 3316 aemulationein.
630 3266 674 3317 Pi·
714 3264 751 3313 lia
770 3262 881 3329 qnaestio
900 3262 1020 3312 habenda
1038 3269 1087 3322 est,
1101 3276 1160 3325 qoae
1179 3260 1250 3311 intro

139 3335 221 3387 obeso.
714 3343 816 3387 tectum·
826 3336 887 3399 fnit,
904 3338 946 3386 rel
964 3344 1036 3386 certe
1055 3342 1132 3384 estro
1149 3343 1249 3387 tectum

172 3416 186 3443 ¹
196 3413 267 3474 Coss,
275 3416 355 3462 vetere
363 3427 395 3461 es
405 3413 482 3477 ruore]
493 3414 576 3477 Bene,
586 3421 674 3466 vetere
715 3429 774 3463 curn
786 3414 901 3476 domiuo,
910 3427 943 3463 eo
954 3418 1138 3475 temporaque
1149 3412 1250 3463 occide

139 3498 266 3536 exmore,
300 3487 458 3537 Numeriam
473 3488 557 3539 libera
568 3491 674 3555 Rep.ld
715 3488 810 3540 batur!
844 3490 930 3538 Etiam
940 3488 1026 3537 uxoris
1038 3486 1135 3536 familia
1146 3494 1250 3552 torque-
1275 3499 1279 3503 ⁴

140 3560 265 3623 obtinuit,
276 3576 309 3611 ex
325 3558 443 3625 Epistola
453 3565 556 3615 Servilii
567 3566 675 3629 Sulpicii
715 3570 760 3613 tur
786 3579 819 3613 ex
843 3553 1067 3614 senatusconsulto
1093 3563 1251 3630 Neroniano,

139 3634 173 3687 de
190 3636 265 3686 crede
283 3638 420 3688 Marcelli:
438 3640 516 3703 ‘Ego
537 3647 623 3690 tamen
641 3641 674 3691 ad
715 3640 773 3689 viro
784 3640 882 3703 occiso,
896 3646 924 3689 et
934 3640 991 3688 rice
1004 3653 1086 3688 verso.

139 3712 336 3762 tabernaculum
357 3714 414 3777 ejus
442 3716 564 3778 perrexi:
589 3716 676 3767 inveni
747 3714 919 3779 'Senatum
935 3714 1008 3763 Nihil
1027 3712 1064 3761 ibi
1082 3715 1249 3769 mutandum}

139 3786 205 3838 duos
216 3788 326 3839 libertos
338 3795 366 3839 et
377 3792 501 3853 pauculos
512 3806 599 3842 servos
611 3810 619 3843 s
636 3808 676 3845 re·
715 3796 746 3839 nt
757 3789 827 3852 apud
838 3790 938 3851 vulgus,
950 3789 987 3839 ita
1003 3793 1031 3836 et
1046 3787 1116 3851 apud
1132 3797 1249 3839 senatun

138 3862 224 3928 liquos
241 3863 349 3913 aiebant
363 3864 508 3929 profugisse
526 3874 599 3917 metu
617 3882 677 3931 per-
715 3864 926 3914 diversasrudia.
959 3862 1013 3912 Alii
1031 3864 1249 3926 patromninrian

138 3939 255 4003 ¹territos,
274 3938 344 4006 quod
367 3940 485 3990 dominns
506 3956 594 3991 eornm
614 3950 674 3994 ante
715 3938 881 3988 severitatem
890 3939 1107 4002 aspernabantur,
1116 3938 1251 4000 pluresni»

138 4014 335 4066 tsbemseulum
345 4014 501 4067 interfectus
511 4017 597 4068 esset!
713 4014 749 4063 hil
758 4015 908 4065 mutandum
917 4018 1058 4064 censebant
1068 4015 1101 4062 de
1113 4015 1199 4077 prisca
1209 4026 1250 4067 se·

174 4090 253 4144 Hunc
265 4091 359 4155 priseo
375 4093 522 4143 severitatis
538 4094 615 4143 ritum
631 4094 674 4145 fir·
714 4090 836 4147 veritate,
855 4091 883 4138 in
902 4090 994 4156 quibus
1013 4089 1127 4153 cassius,
1147 4088 1193 4155 qui
1207 4089 1248 4146 ἐκ

137 4166 221 4217 mavit
252 4172 346 4230 postea
369 4166 421 4218 SC.
444 4167 601 4217 Silanianum
624 4171 673 4221 sub
713 4164 907 4233 disseruil,&c.

138 4240 671 4311 Arguto,rtemqoenancNeronianum:
