<?xml version="1.0" encoding="UTF-8"?>
<!DOCTYPE html PUBLIC "-//W3C//DTD XHTML 1.0 Transitional//EN"
    "http://www.w3.org/TR/xhtml1/DTD/xhtml1-transitional.dtd">
<html xmlns="http://www.w3.org/1999/xhtml" xml:lang="en" lang="en">
 <head>
  <title>
</title>
<meta http-equiv="Content-Type" content="text/html;charset=utf-8" />
  <meta name='ocr-system' content='tesseract 3.04.00' />
  <meta name='ocr-capabilities' content='ocr_page ocr_carea ocr_par ocr_line ocrx_word'/>
</head>
<body>
  <div class='ocr_page' id='page_1' title='image "./ccorneliitaciti03unkngoog_0239.png"; bbox 0 0 2984 4850; ppageno 0'>
   <div class='ocr_carea' id='block_1_1' title="bbox 153 369 1263 478">
    <p class='ocr_par' dir='ltr' id='par_1_1' title="bbox 153 369 1263 478">
     <span class='ocr_line' id='line_1_1' title="bbox 153 369 1263 478; baseline 0.002 -19"><span class='ocrx_word' id='word_1_1' title='bbox 153 410 301 478; x_wconf 69' lang='lat' dir='ltr'>nem]</span> <span class='ocrx_word' id='word_1_2' title='bbox 507 399 714 458; x_wconf 68' lang='lat' dir='ltr'>inueniunt</span> <span class='ocrx_word' id='word_1_3' title='bbox 739 407 813 460; x_wconf 76' lang='lat' dir='ltr'>run.</span> <span class='ocrx_word' id='word_1_4' title='bbox 837 407 902 462; x_wconf 84' lang='lat' dir='ltr'>xv.</span> <span class='ocrx_word' id='word_1_5' title='bbox 1040 373 1043 382; x_wconf 57' lang='grc'>’</span> <span class='ocrx_word' id='word_1_6' title='bbox 1172 369 1263 464; x_wconf 70' lang='grc'>’1856</span> 
     </span>
    </p>
   </div>
   <div class='ocr_carea' id='block_1_2' title="bbox 155 547 1329 843">
    <p class='ocr_par' dir='ltr' id='par_1_2' title="bbox 155 547 1329 843">
     <span class='ocr_line' id='line_1_2' title="bbox 155 547 1264 636; baseline 0.005 -18"><span class='ocrx_word' id='word_1_7' title='bbox 155 554 251 618; x_wconf 80' lang='lat' dir='ltr'>testis</span> <span class='ocrx_word' id='word_1_8' title='bbox 266 554 319 617; x_wconf 70' lang='lat' dir='ltr'>iis*</span> <span class='ocrx_word' id='word_1_9' title='bbox 325 572 403 636; x_wconf 84' lang='lat' dir='ltr'>quae</span> <span class='ocrx_word' id='word_1_10' title='bbox 415 552 634 636; x_wconf 84' lang='lat' dir='ltr'><strong>pepigissent,</strong></span> <span class='ocrx_word' id='word_1_11' title='bbox 647 547 852 616; x_wconf 79' lang='lat' dir='ltr'>adhibehrr.‘¹</span> <span class='ocrx_word' id='word_1_12' title='bbox 896 551 1092 636; x_wconf 80' lang='lat' dir='ltr'>Placuitque</span> <span class='ocrx_word' id='word_1_13' title='bbox 1108 554 1264 624; x_wconf 86' lang='lat' dir='ltr'>‘liberari</span> 
     </span>
     <span class='ocr_line' id='line_1_3' title="bbox 156 653 1329 736; baseline 0.003 -18"><span class='ocrx_word' id='word_1_14' title='bbox 156 655 290 718; x_wconf 90' lang='lat' dir='ltr'>obsidio</span> <span class='ocrx_word' id='word_1_15' title='bbox 307 655 455 736; x_wconf 84' lang='lat' dir='ltr'>legiones</span> <span class='ocrx_word' id='word_1_16' title='bbox 471 659 505 718; x_wconf 83' lang='lat' dir='ltr'>et</span> <span class='ocrx_word' id='word_1_17' title='bbox 520 653 680 717; x_wconf 85' lang='lat' dir='ltr'>decedere</span> <span class='ocrx_word' id='word_1_18' title='bbox 696 673 826 716; x_wconf 90' lang='lat' dir='ltr'>omnem</span> <span class='ocrx_word' id='word_1_19' title='bbox 842 655 996 718; x_wconf 73' lang='lat' dir='ltr'>militeme</span> <span class='ocrx_word' id='word_1_20' title='bbox 1010 657 1132 720; x_wconf 89' lang='lat' dir='ltr'><strong>finibus</strong></span> <span class='ocrx_word' id='word_1_21' title='bbox 1147 657 1263 723; x_wconf 89' lang='lat' dir='ltr'>Arme·</span> <span class='ocrx_word' id='word_1_22' title='bbox 1326 721 1329 727; x_wconf 91' lang='grc'>,</span> 
     </span>
     <span class='ocr_line' id='line_1_4' title="bbox 155 751 1264 843; baseline 0.007 -27"><span class='ocrx_word' id='word_1_23' title='bbox 155 754 300 836; x_wconf 85' lang='lat' dir='ltr'>uiarum,</span> <span class='ocrx_word' id='word_1_24' title='bbox 326 756 532 840; x_wconf 86' lang='lat' dir='ltr'>castellaque</span> <span class='ocrx_word' id='word_1_25' title='bbox 558 761 591 819; x_wconf 90' lang='lat' dir='ltr'>et</span> <span class='ocrx_word' id='word_1_26' title='bbox 614 751 835 818; x_wconf 78' lang='lat' dir='ltr'>commentusf</span> <span class='ocrx_word' id='word_1_27' title='bbox 859 755 990 820; x_wconf 87' lang='lat' dir='ltr'>Parthis</span> <span class='ocrx_word' id='word_1_28' title='bbox 1014 758 1119 834; x_wconf 83' lang='lat' dir='ltr'>tradi:</span> <span class='ocrx_word' id='word_1_29' title='bbox 1143 762 1264 843; x_wconf 89' lang='lat' dir='ltr'>quihus</span> 
     </span>
    </p>
   </div>
   <div class='ocr_carea' id='block_1_3' title="bbox 155 959 1265 1090">
    <p class='ocr_par' dir='ltr' id='par_1_3' title="bbox 155 959 1265 1090">
     <span class='ocr_line' id='line_1_5' title="bbox 155 959 1264 1028; baseline 0.008 -21"><span class='ocrx_word' id='word_1_30' title='bbox 155 964 231 1009; x_wconf 83' lang='lat' dir='ltr'>erant.</span> <span class='ocrx_word' id='word_1_31' title='bbox 266 960 301 1008; x_wconf 85' lang='lat' dir='ltr'>Et</span> <span class='ocrx_word' id='word_1_32' title='bbox 311 974 446 1020; x_wconf 72' lang='lat' dir='ltr'>conam,</span> <span class='ocrx_word' id='word_1_33' title='bbox 463 965 492 1009; x_wconf 88' lang='lat' dir='ltr'>ut</span> <span class='ocrx_word' id='word_1_34' title='bbox 509 959 647 1010; x_wconf 83' lang='lat' dir='ltr'>obsidione</span> <span class='ocrx_word' id='word_1_35' title='bbox 664 959 780 1023; x_wconf 79' lang='lat' dir='ltr'>legiones</span> <span class='ocrx_word' id='word_1_36' title='bbox 795 966 905 1024; x_wconf 86' lang='lat' dir='ltr'>ereptae,</span> <span class='ocrx_word' id='word_1_37' title='bbox 922 962 1048 1028; x_wconf 85' lang='lat' dir='ltr'>simulque</span> <span class='ocrx_word' id='word_1_38' title='bbox 1063 965 1166 1016; x_wconf 88' lang='lat' dir='ltr'>abirent</span> <span class='ocrx_word' id='word_1_39' title='bbox 1177 981 1264 1016; x_wconf 88' lang='lat' dir='ltr'>ornnes</span> 
     </span>
     <span class='ocr_line' id='line_1_6' title="bbox 158 1023 1265 1090; baseline 0.006 -18"><span class='ocrx_word' id='word_1_40' title='bbox 158 1024 241 1086; x_wconf 73' lang='lat' dir='ltr'>copiae</span> <span class='ocrx_word' id='word_1_41' title='bbox 261 1023 471 1073; x_wconf 67' lang='lat' dir='ltr'>llomoneterris</span> <span class='ocrx_word' id='word_1_42' title='bbox 489 1023 828 1090; x_wconf 85' lang='lat' dir='ltr'>Armeniornru,·arcesque</span> <span class='ocrx_word' id='word_1_43' title='bbox 846 1034 875 1076; x_wconf 91' lang='lat' dir='ltr'>et</span> <span class='ocrx_word' id='word_1_44' title='bbox 891 1036 1049 1088; x_wconf 77' lang='lat' dir='ltr'>commeatus</span> <span class='ocrx_word' id='word_1_45' title='bbox 1067 1031 1172 1080; x_wconf 86' lang='lat' dir='ltr'>Parthis</span> <span class='ocrx_word' id='word_1_46' title='bbox 1187 1031 1265 1080; x_wconf 88' lang='lat' dir='ltr'>dede·</span> 
     </span>
    </p>
   </div>
   <div class='ocr_carea' id='block_1_4' title="bbox 657 1167 767 1218">
    <p class='ocr_par' dir='ltr' id='par_1_4' title="bbox 657 1167 767 1218">
     <span class='ocr_line' id='line_1_7' title="bbox 657 1167 767 1218; baseline -0.018 0"><span class='ocrx_word' id='word_1_47' title='bbox 657 1167 767 1218; x_wconf 81' lang='lat' dir='ltr'><strong>NOTAE</strong></span> 
     </span>
    </p>
   </div>
   <div class='ocr_carea' id='block_1_5' title="bbox 159 1282 1283 2186">
    <p class='ocr_par' dir='ltr' id='par_1_5' title="bbox 161 1282 1266 1428">
     <span class='ocr_line' id='line_1_8' title="bbox 161 1282 1266 1350; baseline 0.006 -16"><span class='ocrx_word' id='word_1_48' title='bbox 161 1298 236 1334; x_wconf 88' lang='lat' dir='ltr'>onem</span> <span class='ocrx_word' id='word_1_49' title='bbox 258 1300 305 1334; x_wconf 89' lang='lat' dir='ltr'>seu</span> <span class='ocrx_word' id='word_1_50' title='bbox 336 1283 520 1348; x_wconf 65' lang='lat' dir='ltr'>prefecturam</span> <span class='ocrx_word' id='word_1_51' title='bbox 549 1284 693 1344; x_wconf 79' lang='lat' dir='ltr'>obtinebat,</span> <span class='ocrx_word' id='word_1_52' title='bbox 767 1282 913 1333; x_wconf 82' lang='lat' dir='ltr'>Verisimile</span> <span class='ocrx_word' id='word_1_53' title='bbox 932 1293 981 1346; x_wconf 90' lang='lat' dir='ltr'>cst,</span> <span class='ocrx_word' id='word_1_54' title='bbox 1003 1285 1133 1350; x_wconf 85' lang='lat' dir='ltr'>utrimque</span> <span class='ocrx_word' id='word_1_55' title='bbox 1154 1287 1266 1340; x_wconf 80' lang='lat' dir='ltr'>Parthos</span> 
     </span>
     <span class='ocr_line' id='line_1_9' title="bbox 161 1357 1266 1428; baseline 0.005 -20"><span class='ocrx_word' id='word_1_56' title='bbox 161 1375 217 1424; x_wconf 81' lang='lat' dir='ltr'>quae</span> <span class='ocrx_word' id='word_1_57' title='bbox 227 1359 358 1410; x_wconf 72' lang='lat' dir='ltr'>Armenia</span> <span class='ocrx_word' id='word_1_58' title='bbox 369 1362 529 1412; x_wconf 86' lang='lat' dir='ltr'>contermina</span> <span class='ocrx_word' id='word_1_59' title='bbox 540 1367 618 1409; x_wconf 87' lang='lat' dir='ltr'>esset.</span> <span class='ocrx_word' id='word_1_60' title='bbox 734 1357 914 1424; x_wconf 87' lang='lat' dir='ltr'>Romanosque</span> <span class='ocrx_word' id='word_1_61' title='bbox 923 1361 1018 1423; x_wconf 87' lang='lat' dir='ltr'>partim</span> <span class='ocrx_word' id='word_1_62' title='bbox 1030 1362 1194 1426; x_wconf 80' lang='lat' dir='ltr'>abscessisse,</span> <span class='ocrx_word' id='word_1_63' title='bbox 1207 1380 1266 1428; x_wconf 90' lang='lat' dir='ltr'>par·</span> 
     </span>
    </p>

    <p class='ocr_par' dir='ltr' id='par_1_6' title="bbox 159 1433 1283 2186">
     <span class='ocr_line' id='line_1_10' title="bbox 193 1433 1266 1506; baseline 0.006 -22"><span class='ocrx_word' id='word_1_64' title='bbox 193 1437 362 1506; x_wconf 88' lang='lat' dir='ltr'>thuiahoc</span> <span class='ocrx_word' id='word_1_65' title='bbox 378 1437 474 1486; x_wconf 85' lang='lat' dir='ltr'>bellurn</span> <span class='ocrx_word' id='word_1_66' title='bbox 492 1437 692 1501; x_wconf 83' lang='lat' dir='ltr'>praeclpneipse</span> <span class='ocrx_word' id='word_1_67' title='bbox 733 1433 780 1481; x_wconf 91' lang='lat' dir='ltr'>tim</span> <span class='ocrx_word' id='word_1_68' title='bbox 792 1436 924 1484; x_wconf 87' lang='lat' dir='ltr'>mansisse.</span> <span class='ocrx_word' id='word_1_69' title='bbox 957 1437 1036 1486; x_wconf 85' lang='lat' dir='ltr'>Haud</span> <span class='ocrx_word' id='word_1_70' title='bbox 1049 1438 1127 1487; x_wconf 90' lang='lat' dir='ltr'>dubie</span> <span class='ocrx_word' id='word_1_71' title='bbox 1141 1441 1266 1490; x_wconf 82' lang='lat' dir='ltr'>abscessit</span> 
     </span>
     <span class='ocr_line' id='line_1_11' title="bbox 161 1511 1265 1574; baseline 0.007 -16"><span class='ocrx_word' id='word_1_72' title='bbox 161 1511 328 1574; x_wconf 77' lang='lat' dir='ltr'>incitaverat,</span> <span class='ocrx_word' id='word_1_73' title='bbox 338 1513 398 1561; x_wconf 88' lang='lat' dir='ltr'>ideo</span> <span class='ocrx_word' id='word_1_74' title='bbox 410 1513 451 1562; x_wconf 89' lang='lat' dir='ltr'>hie</span> <span class='ocrx_word' id='word_1_75' title='bbox 468 1514 542 1562; x_wconf 86' lang='lat' dir='ltr'>testis</span> <span class='ocrx_word' id='word_1_76' title='bbox 554 1511 692 1561; x_wconf 85' lang='lat' dir='ltr'>adhibetur</span> <span class='ocrx_word' id='word_1_77' title='bbox 733 1511 791 1558; x_wconf 85' lang='lat' dir='ltr'>Rex</span> <span class='ocrx_word' id='word_1_78' title='bbox 802 1513 971 1574; x_wconf 88' lang='lat' dir='ltr'>Parthorum;</span> <span class='ocrx_word' id='word_1_79' title='bbox 989 1514 1116 1563; x_wconf 83' lang='lat' dir='ltr'>abscessit</span> <span class='ocrx_word' id='word_1_80' title='bbox 1132 1521 1159 1564; x_wconf 90' lang='lat' dir='ltr'>et</span> <span class='ocrx_word' id='word_1_81' title='bbox 1176 1517 1265 1566; x_wconf 87' lang='lat' dir='ltr'>Paetus</span> 
     </span>
     <span class='ocr_line' id='line_1_12' title="bbox 162 1584 1265 1654; baseline 0.006 -20"><span class='ocrx_word' id='word_1_82' title='bbox 162 1584 278 1646; x_wconf 77' lang='lat' dir='ltr'>faederis,</span> <span class='ocrx_word' id='word_1_83' title='bbox 306 1594 335 1635; x_wconf 89' lang='lat' dir='ltr'>ut</span> <span class='ocrx_word' id='word_1_84' title='bbox 357 1587 519 1636; x_wconf 88' lang='lat' dir='ltr'>conditiones</span> <span class='ocrx_word' id='word_1_85' title='bbox 546 1588 615 1650; x_wconf 85' lang='lat' dir='ltr'>pacis</span> <span class='ocrx_word' id='word_1_86' title='bbox 635 1588 692 1650; x_wconf 85' lang='lat' dir='ltr'>ipse</span> <span class='ocrx_word' id='word_1_87' title='bbox 733 1600 792 1634; x_wconf 89' lang='lat' dir='ltr'>cum</span> <span class='ocrx_word' id='word_1_88' title='bbox 812 1587 957 1649; x_wconf 78' lang='lat' dir='ltr'>legionibus</span> <span class='ocrx_word' id='word_1_89' title='bbox 978 1590 1112 1652; x_wconf 89' lang='lat' dir='ltr'>perculsis,</span> <span class='ocrx_word' id='word_1_90' title='bbox 1138 1590 1265 1654; x_wconf 89' lang='lat' dir='ltr'>hyberna-</span> 
     </span>
     <span class='ocr_line' id='line_1_13' title="bbox 163 1646 1283 1728; baseline 0.009 -20"><span class='ocrx_word' id='word_1_91' title='bbox 163 1660 312 1724; x_wconf 79' lang='lat' dir='ltr'>inspiceret,</span> <span class='ocrx_word' id='word_1_92' title='bbox 326 1663 414 1720; x_wconf 85' lang='lat' dir='ltr'>sciret,</span> <span class='ocrx_word' id='word_1_93' title='bbox 432 1662 592 1725; x_wconf 87' lang='lat' dir='ltr'>observaret,</span> <span class='ocrx_word' id='word_1_94' title='bbox 610 1666 637 1711; x_wconf 89' lang='lat' dir='ltr'>et</span> <span class='ocrx_word' id='word_1_95' title='bbox 649 1663 693 1711; x_wconf 91' lang='lat' dir='ltr'>ob·</span> <span class='ocrx_word' id='word_1_96' title='bbox 733 1662 823 1726; x_wconf 89' lang='lat' dir='ltr'>vitque</span> <span class='ocrx_word' id='word_1_97' title='bbox 836 1679 884 1725; x_wconf 86' lang='lat' dir='ltr'>per</span> <span class='ocrx_word' id='word_1_98' title='bbox 893 1655 1094 1728; x_wconf 85' lang='lat' dir='ltr'>Cappadociam.</span> <span class='ocrx_word' id='word_1_99' title='bbox 1127 1667 1161 1714; x_wconf 88' lang='lat' dir='ltr'>At</span> <span class='ocrx_word' id='word_1_100' title='bbox 1175 1646 1283 1718; x_wconf 65' lang='lat' dir='ltr'>essee-²</span> 
     </span>
     <span class='ocr_line' id='line_1_14' title="bbox 163 1736 1267 1806; baseline 0.005 -21"><span class='ocrx_word' id='word_1_101' title='bbox 163 1738 259 1787; x_wconf 83' lang='lat' dir='ltr'>serrari</span> <span class='ocrx_word' id='word_1_102' title='bbox 270 1745 382 1788; x_wconf 81' lang='lat' dir='ltr'>curaret.</span> <span class='ocrx_word' id='word_1_103' title='bbox 400 1739 485 1788; x_wconf 85' lang='lat' dir='ltr'>Etiam</span> <span class='ocrx_word' id='word_1_104' title='bbox 495 1740 554 1804; x_wconf 88' lang='lat' dir='ltr'>quia</span> <span class='ocrx_word' id='word_1_105' title='bbox 563 1755 604 1788; x_wconf 88' lang='lat' dir='ltr'>res</span> <span class='ocrx_word' id='word_1_106' title='bbox 613 1740 694 1801; x_wconf 87' lang='lat' dir='ltr'>ipsius</span> <span class='ocrx_word' id='word_1_107' title='bbox 735 1736 798 1786; x_wconf 89' lang='lat' dir='ltr'>deus</span> <span class='ocrx_word' id='word_1_108' title='bbox 808 1739 864 1786; x_wconf 85' lang='lat' dir='ltr'>Rex</span> <span class='ocrx_word' id='word_1_109' title='bbox 877 1739 1041 1801; x_wconf 81' lang='lat' dir='ltr'>Parthorum,</span> <span class='ocrx_word' id='word_1_110' title='bbox 1055 1741 1188 1802; x_wconf 88' lang='lat' dir='ltr'>dispositis</span> <span class='ocrx_word' id='word_1_111' title='bbox 1200 1759 1267 1806; x_wconf 75' lang='lat' dir='ltr'>prae-</span> 
     </span>
     <span class='ocr_line' id='line_1_15' title="bbox 159 1813 1268 1878; baseline 0.006 -17"><span class='ocrx_word' id='word_1_112' title='bbox 159 1827 257 1876; x_wconf 82' lang='lat' dir='ltr'>magna</span> <span class='ocrx_word' id='word_1_113' title='bbox 267 1828 301 1862; x_wconf 86' lang='lat' dir='ltr'>ex</span> <span class='ocrx_word' id='word_1_114' title='bbox 320 1822 393 1878; x_wconf 84' lang='lat' dir='ltr'>parte</span> <span class='ocrx_word' id='word_1_115' title='bbox 412 1815 548 1878; x_wconf 81' lang='lat' dir='ltr'>agebatur.</span> <span class='ocrx_word' id='word_1_116' title='bbox 564 1816 627 1864; x_wconf 86' lang='lat' dir='ltr'>Fuit</span> <span class='ocrx_word' id='word_1_117' title='bbox 638 1816 695 1878; x_wconf 88' lang='lat' dir='ltr'>ipse</span> <span class='ocrx_word' id='word_1_118' title='bbox 733 1813 814 1873; x_wconf 81' lang='lat' dir='ltr'>aldiis,</span> <span class='ocrx_word' id='word_1_119' title='bbox 844 1815 975 1864; x_wconf 86' lang='lat' dir='ltr'>retinebat</span> <span class='ocrx_word' id='word_1_120' title='bbox 1009 1816 1124 1877; x_wconf 86' lang='lat' dir='ltr'>quaedam</span> <span class='ocrx_word' id='word_1_121' title='bbox 1162 1819 1268 1868; x_wconf 83' lang='lat' dir='ltr'>castella</span> 
     </span>
     <span class='ocr_line' id='line_1_16' title="bbox 164 1886 1267 1952; baseline 0.006 -17"><span class='ocrx_word' id='word_1_122' title='bbox 164 1886 222 1936; x_wconf 82' lang='lat' dir='ltr'>Rex</span> <span class='ocrx_word' id='word_1_123' title='bbox 234 1887 437 1952; x_wconf 77' lang='lat' dir='ltr'>Adiabenorum,</span> <span class='ocrx_word' id='word_1_124' title='bbox 454 1888 522 1938; x_wconf 85' lang='lat' dir='ltr'>teste</span> <span class='ocrx_word' id='word_1_125' title='bbox 534 1891 632 1950; x_wconf 88' lang='lat' dir='ltr'>Dione,</span> <span class='ocrx_word' id='word_1_126' title='bbox 649 1890 694 1940; x_wconf 82' lang='lat' dir='ltr'>Jo-</span> <span class='ocrx_word' id='word_1_127' title='bbox 736 1887 878 1952; x_wconf 80' lang='lat' dir='ltr'>Armeniae,</span> <span class='ocrx_word' id='word_1_128' title='bbox 896 1895 924 1938; x_wconf 89' lang='lat' dir='ltr'>et</span> <span class='ocrx_word' id='word_1_129' title='bbox 944 1891 1067 1938; x_wconf 77' lang='lat' dir='ltr'>Romanae</span> <span class='ocrx_word' id='word_1_130' title='bbox 1085 1892 1203 1941; x_wconf 89' lang='lat' dir='ltr'>cohortes</span> <span class='ocrx_word' id='word_1_131' title='bbox 1223 1894 1267 1944; x_wconf 88' lang='lat' dir='ltr'>ob·</span> 
     </span>
     <span class='ocr_line' id='line_1_17' title="bbox 164 1965 1268 2030; baseline 0.008 -20"><span class='ocrx_word' id='word_1_132' title='bbox 164 1965 243 2026; x_wconf 87' lang='lat' dir='ltr'>sepho</span> <span class='ocrx_word' id='word_1_133' title='bbox 252 1966 387 2026; x_wconf 84' lang='lat' dir='ltr'>etTacito,</span> <span class='ocrx_word' id='word_1_134' title='bbox 400 1965 696 2030; x_wconf 69' lang='lat' dir='ltr'>Monohbzasddiabenaa,</span> <span class='ocrx_word' id='word_1_135' title='bbox 736 1965 855 2014; x_wconf 89' lang='lat' dir='ltr'>tinebant</span> <span class='ocrx_word' id='word_1_136' title='bbox 882 1966 966 2015; x_wconf 91' lang='lat' dir='ltr'>adhuc</span> <span class='ocrx_word' id='word_1_137' title='bbox 987 1967 1140 2016; x_wconf 82' lang='lat' dir='ltr'>Arsamosata</span> <span class='ocrx_word' id='word_1_138' title='bbox 1160 1975 1187 2017; x_wconf 90' lang='lat' dir='ltr'>et</span> <span class='ocrx_word' id='word_1_139' title='bbox 1216 1970 1268 2019; x_wconf 88' lang='lat' dir='ltr'>alia</span> 
     </span>
     <span class='ocr_line' id='line_1_18' title="bbox 163 2036 1268 2108; baseline 0.008 -23"><span class='ocrx_word' id='word_1_140' title='bbox 163 2036 246 2102; x_wconf 87' lang='lat' dir='ltr'>idest,</span> <span class='ocrx_word' id='word_1_141' title='bbox 258 2041 316 2087; x_wconf 85' lang='lat' dir='ltr'>Rex</span> <span class='ocrx_word' id='word_1_142' title='bbox 328 2039 530 2090; x_wconf 86' lang='lat' dir='ltr'>Adiabenorum.</span> <span class='ocrx_word' id='word_1_143' title='bbox 548 2042 590 2090; x_wconf 92' lang='lat' dir='ltr'>Sic</span> <span class='ocrx_word' id='word_1_144' title='bbox 601 2041 697 2090; x_wconf 90' lang='lat' dir='ltr'>dicitur</span> <span class='ocrx_word' id='word_1_145' title='bbox 737 2042 859 2100; x_wconf 86' lang='lat' dir='ltr'>castella;</span> <span class='ocrx_word' id='word_1_146' title='bbox 877 2048 904 2091; x_wconf 91' lang='lat' dir='ltr'>et</span> <span class='ocrx_word' id='word_1_147' title='bbox 922 2041 948 2090; x_wconf 90' lang='lat' dir='ltr'>id</span> <span class='ocrx_word' id='word_1_148' title='bbox 966 2043 1069 2092; x_wconf 91' lang='lat' dir='ltr'>occulto</span> <span class='ocrx_word' id='word_1_149' title='bbox 1082 2043 1190 2108; x_wconf 81' lang='lat' dir='ltr'>foedere,</span> <span class='ocrx_word' id='word_1_150' title='bbox 1206 2045 1268 2094; x_wconf 91' lang='lat' dir='ltr'>dum</span> 
     </span>
     <span class='ocr_line' id='line_1_19' title="bbox 165 2114 1269 2186; baseline 0.01 -25"><span class='ocrx_word' id='word_1_151' title='bbox 165 2114 303 2179; x_wconf 84' lang='lat' dir='ltr'>Philippus</span> <span class='ocrx_word' id='word_1_152' title='bbox 320 2118 441 2179; x_wconf 90' lang='lat' dir='ltr'>Macedo,</span> <span class='ocrx_word' id='word_1_153' title='bbox 462 2132 510 2180; x_wconf 88' lang='lat' dir='ltr'>pro</span> <span class='ocrx_word' id='word_1_154' title='bbox 528 2133 590 2180; x_wconf 80' lang='lat' dir='ltr'>rege</span> <span class='ocrx_word' id='word_1_155' title='bbox 609 2119 698 2166; x_wconf 87' lang='lat' dir='ltr'>Mace·</span> <span class='ocrx_word' id='word_1_156' title='bbox 737 2115 1269 2186; x_wconf 74' lang='lat' dir='ltr'>redireutlegatiregismissiadCaesarem,</span> 
     </span>
    </p>
   </div>
   <div class='ocr_carea' id='block_1_6' title="bbox 73 2188 1085 2254">
    <p class='ocr_par' dir='ltr' id='par_1_7' title="bbox 73 2188 1085 2254">
     <span class='ocr_line' id='line_1_20' title="bbox 73 2188 1085 2254; baseline 0.005 -16"><span class='ocrx_word' id='word_1_157' title='bbox 73 2204 76 2212; x_wconf 68' lang='lat'><strong>¹</strong></span> <span class='ocrx_word' id='word_1_158' title='bbox 159 2188 268 2239; x_wconf 84' lang='lat' dir='ltr'>donum.</span> <span class='ocrx_word' id='word_1_159' title='bbox 737 2206 817 2254; x_wconf 87' lang='lat' dir='ltr'>super</span> <span class='ocrx_word' id='word_1_160' title='bbox 828 2192 941 2254; x_wconf 89' lang='lat' dir='ltr'>petenda</span> <span class='ocrx_word' id='word_1_161' title='bbox 952 2193 1085 2244; x_wconf 87' lang='lat' dir='ltr'>Armenia.</span> 
     </span>
    </p>
   </div>
   <div class='ocr_carea' id='block_1_7' title="bbox 165 2266 1270 2639">
    <p class='ocr_par' dir='ltr' id='par_1_8' title="bbox 165 2266 1270 2639">
     <span class='ocr_line' id='line_1_21' title="bbox 198 2266 1270 2336; baseline 0.007 -21"><span class='ocrx_word' id='word_1_162' title='bbox 198 2266 354 2329; x_wconf 80' lang='lat' dir='ltr'>Monobazus]</span> <span class='ocrx_word' id='word_1_163' title='bbox 369 2268 401 2316; x_wconf 92' lang='lat' dir='ltr'>In</span> <span class='ocrx_word' id='word_1_164' title='bbox 418 2269 487 2317; x_wconf 92' lang='lat' dir='ltr'>diem</span> <span class='ocrx_word' id='word_1_165' title='bbox 505 2275 636 2333; x_wconf 81' lang='lat' dir='ltr'>posterum</span> <span class='ocrx_word' id='word_1_166' title='bbox 648 2270 696 2320; x_wconf 86' lang='lat' dir='ltr'>dif.</span> <span class='ocrx_word' id='word_1_167' title='bbox 770 2267 870 2315; x_wconf 86' lang='lat' dir='ltr'>Tamen</span> <span class='ocrx_word' id='word_1_168' title='bbox 889 2275 980 2331; x_wconf 85' lang='lat' dir='ltr'>posten</span> <span class='ocrx_word' id='word_1_169' title='bbox 996 2270 1147 2336; x_wconf 84' lang='lat' dir='ltr'>Vologeses,</span> <span class='ocrx_word' id='word_1_170' title='bbox 1163 2288 1195 2322; x_wconf 90' lang='lat' dir='ltr'>ne</span> <span class='ocrx_word' id='word_1_171' title='bbox 1214 2271 1270 2322; x_wconf 88' lang='lat' dir='ltr'>irri-</span> 
     </span>
     <span class='ocr_line' id='line_1_22' title="bbox 165 2339 1269 2412; baseline 0.009 -25"><span class='ocrx_word' id='word_1_172' title='bbox 165 2339 251 2390; x_wconf 87' lang='lat' dir='ltr'>fertur</span> <span class='ocrx_word' id='word_1_173' title='bbox 271 2345 402 2392; x_wconf 85' lang='lat' dir='ltr'>conclusio</span> <span class='ocrx_word' id='word_1_174' title='bbox 430 2343 546 2408; x_wconf 78' lang='lat' dir='ltr'>foederis,</span> <span class='ocrx_word' id='word_1_175' title='bbox 574 2355 604 2394; x_wconf 91' lang='lat' dir='ltr'>ut</span> <span class='ocrx_word' id='word_1_176' title='bbox 623 2349 697 2397; x_wconf 84' lang='lat' dir='ltr'>testis</span> <span class='ocrx_word' id='word_1_177' title='bbox 737 2342 812 2391; x_wconf 78' lang='lat' dir='ltr'>deret</span> <span class='ocrx_word' id='word_1_178' title='bbox 824 2343 979 2406; x_wconf 83' lang='lat' dir='ltr'>principem,</span> <span class='ocrx_word' id='word_1_179' title='bbox 996 2353 1087 2408; x_wconf 83' lang='lat' dir='ltr'>petens</span> <span class='ocrx_word' id='word_1_180' title='bbox 1106 2364 1152 2410; x_wconf 87' lang='lat' dir='ltr'>per</span> <span class='ocrx_word' id='word_1_181' title='bbox 1170 2351 1269 2412; x_wconf 84' lang='lat' dir='ltr'>legatos</span> 
     </span>
     <span class='ocr_line' id='line_1_23' title="bbox 166 2417 1269 2488; baseline 0.01 -24"><span class='ocrx_word' id='word_1_182' title='bbox 166 2425 305 2466; x_wconf 85' lang='lat' dir='ltr'>vocaretur</span> <span class='ocrx_word' id='word_1_183' title='bbox 314 2419 472 2469; x_wconf 83' lang='lat' dir='ltr'>Monobazus</span> <span class='ocrx_word' id='word_1_184' title='bbox 490 2421 531 2484; x_wconf 84' lang='lat' dir='ltr'>iia,</span> <span class='ocrx_word' id='word_1_185' title='bbox 547 2438 605 2487; x_wconf 75' lang='lat' dir='ltr'>quae</span> <span class='ocrx_word' id='word_1_186' title='bbox 625 2425 696 2486; x_wconf 91' lang='lat' dir='ltr'>pepi·</span> <span class='ocrx_word' id='word_1_187' title='bbox 737 2417 896 2481; x_wconf 86' lang='lat' dir='ltr'>Armeniam,</span> <span class='ocrx_word' id='word_1_188' title='bbox 914 2436 990 2483; x_wconf 89' lang='lat' dir='ltr'>quarn</span> <span class='ocrx_word' id='word_1_189' title='bbox 1006 2422 1061 2483; x_wconf 90' lang='lat' dir='ltr'>jam</span> <span class='ocrx_word' id='word_1_190' title='bbox 1077 2425 1196 2488; x_wconf 84' lang='lat' dir='ltr'>eripuerat</span> <span class='ocrx_word' id='word_1_191' title='bbox 1216 2426 1269 2475; x_wconf 91' lang='lat' dir='ltr'>Ro·</span> 
     </span>
     <span class='ocr_line' id='line_1_24' title="bbox 167 2493 1269 2561; baseline 0.004 -16"><span class='ocrx_word' id='word_1_192' title='bbox 167 2493 279 2556; x_wconf 64' lang='lat' dir='ltr'>gisdeni:</span> <span class='ocrx_word' id='word_1_193' title='bbox 292 2495 404 2557; x_wconf 79' lang='lat' dir='ltr'>quiaille</span> <span class='ocrx_word' id='word_1_194' title='bbox 414 2500 657 2561; x_wconf 80' lang='lat' dir='ltr'>maguaparsbelli3</span> <span class='ocrx_word' id='word_1_195' title='bbox 668 2507 696 2549; x_wconf 93' lang='lat' dir='ltr'>et</span> <span class='ocrx_word' id='word_1_196' title='bbox 737 2494 827 2554; x_wconf 82' lang='lat' dir='ltr'>manis,</span> <span class='ocrx_word' id='word_1_197' title='bbox 843 2496 971 2557; x_wconf 82' lang='lat' dir='ltr'>praesidiis</span> <span class='ocrx_word' id='word_1_198' title='bbox 989 2498 1082 2546; x_wconf 89' lang='lat' dir='ltr'>liberat</span> <span class='ocrx_word' id='word_1_199' title='bbox 1097 2502 1205 2548; x_wconf 85' lang='lat' dir='ltr'>castella</span> <span class='ocrx_word' id='word_1_200' title='bbox 1220 2500 1269 2549; x_wconf 87' lang='lat' dir='ltr'>Ar-</span> 
     </span>
     <span class='ocr_line' id='line_1_25' title="bbox 166 2569 1269 2639; baseline 0.007 -22"><span class='ocrx_word' id='word_1_201' title='bbox 166 2570 234 2633; x_wconf 89' lang='lat' dir='ltr'>qoia,</span> <span class='ocrx_word' id='word_1_202' title='bbox 253 2569 336 2634; x_wconf 83' lang='lat' dir='ltr'>forte,</span> <span class='ocrx_word' id='word_1_203' title='bbox 354 2572 375 2621; x_wconf 85' lang='lat' dir='ltr'>si</span> <span class='ocrx_word' id='word_1_204' title='bbox 387 2574 588 2637; x_wconf 74' lang='lat' dir='ltr'>qnadifficuttas</span> <span class='ocrx_word' id='word_1_205' title='bbox 608 2591 698 2639; x_wconf 70' lang='lat' dir='ltr'>super.</span> <span class='ocrx_word' id='word_1_206' title='bbox 738 2570 840 2627; x_wconf 84' lang='lat' dir='ltr'>meniae,</span> <span class='ocrx_word' id='word_1_207' title='bbox 859 2584 891 2618; x_wconf 83' lang='lat' dir='ltr'>ee</span> <span class='ocrx_word' id='word_1_208' title='bbox 910 2578 996 2619; x_wconf 86' lang='lat' dir='ltr'>tamen</span> <span class='ocrx_word' id='word_1_209' title='bbox 1014 2573 1091 2620; x_wconf 87' lang='lat' dir='ltr'>etiam</span> <span class='ocrx_word' id='word_1_210' title='bbox 1111 2575 1269 2639; x_wconf 83' lang='lat' dir='ltr'>conditione,</span> 
     </span>
    </p>
   </div>
   <div class='ocr_carea' id='block_1_8' title="bbox 169 2639 1362 2716">
    <p class='ocr_par' dir='ltr' id='par_1_9' title="bbox 169 2639 1362 2716">
     <span class='ocr_line' id='line_1_26' title="bbox 169 2639 1362 2716; baseline 0.009 -27"><span class='ocrx_word' id='word_1_211' title='bbox 169 2653 246 2710; x_wconf 72' lang='lat' dir='ltr'>esset,</span> <span class='ocrx_word' id='word_1_212' title='bbox 272 2648 440 2712; x_wconf 72' lang='lat' dir='ltr'>expediebat,</span> <span class='ocrx_word' id='word_1_213' title='bbox 469 2639 496 2700; x_wconf 56' lang='grc' dir='ltr'>εὶ</span> <span class='ocrx_word' id='word_1_214' title='bbox 515 2652 577 2716; x_wconf 71' lang='lat' dir='ltr'>quta</span> <span class='ocrx_word' id='word_1_215' title='bbox 599 2653 698 2702; x_wconf 63' lang='lat' dir='ltr'>vicinus</span> <span class='ocrx_word' id='word_1_216' title='bbox 738 2650 768 2691; x_wconf 91' lang='lat' dir='ltr'>ut</span> <span class='ocrx_word' id='word_1_217' title='bbox 787 2644 900 2694; x_wconf 84' lang='lat' dir='ltr'>Corbulo</span> <span class='ocrx_word' id='word_1_218' title='bbox 921 2646 1026 2696; x_wconf 87' lang='lat' dir='ltr'>tolleret</span> <span class='ocrx_word' id='word_1_219' title='bbox 1046 2650 1126 2697; x_wconf 88' lang='lat' dir='ltr'>etiam</span> <span class='ocrx_word' id='word_1_220' title='bbox 1151 2651 1270 2715; x_wconf 86' lang='lat' dir='ltr'>castella,</span> <span class='ocrx_word' id='word_1_221' title='bbox 1359 2681 1362 2684; x_wconf 93' lang='lat'><em>-</em></span> 
     </span>
    </p>
   </div>
   <div class='ocr_carea' id='block_1_9' title="bbox 137 2718 1319 4307">
    <p class='ocr_par' dir='ltr' id='par_1_10' title="bbox 137 2718 1319 4307">
     <span class='ocr_line' id='line_1_27' title="bbox 167 2718 1196 2792; baseline 0.005 -23"><span class='ocrx_word' id='word_1_222' title='bbox 167 2719 307 2786; x_wconf 86' lang='lat' dir='ltr'>Armeniae,</span> <span class='ocrx_word' id='word_1_223' title='bbox 326 2724 400 2786; x_wconf 90' lang='lat' dir='ltr'>pacis</span> <span class='ocrx_word' id='word_1_224' title='bbox 426 2718 586 2776; x_wconf 84' lang='lat' dir='ltr'>conditiones</span> <span class='ocrx_word' id='word_1_225' title='bbox 604 2728 698 2792; x_wconf 85' lang='lat' dir='ltr'>exequi</span> <span class='ocrx_word' id='word_1_226' title='bbox 738 2734 797 2783; x_wconf 69' lang='lat' dir='ltr'>(11¹ae</span> <span class='ocrx_word' id='word_1_227' title='bbox 808 2722 876 2770; x_wconf 70' lang='lat' dir='ltr'>ultra</span> <span class='ocrx_word' id='word_1_228' title='bbox 889 2722 1048 2786; x_wconf 83' lang='lat' dir='ltr'>Euphratem</span> <span class='ocrx_word' id='word_1_229' title='bbox 1060 2728 1196 2776; x_wconf 78' lang='lat' dir='ltr'>munierat,</span> 
     </span>
     <span class='ocr_line' id='line_1_28' title="bbox 167 2796 1319 2863; baseline 0.008 -21"><span class='ocrx_word' id='word_1_230' title='bbox 167 2799 298 2863; x_wconf 65' lang='lat' dir='ltr'>praecipue</span> <span class='ocrx_word' id='word_1_231' title='bbox 310 2800 410 2850; x_wconf 73' lang='lat' dir='ltr'>debuit,</span> <span class='ocrx_word' id='word_1_232' title='bbox 771 2796 866 2859; x_wconf 87' lang='lat' dir='ltr'>Sicque</span> <span class='ocrx_word' id='word_1_233' title='bbox 887 2796 944 2847; x_wconf 87' lang='lat' dir='ltr'>fere</span> <span class='ocrx_word' id='word_1_234' title='bbox 967 2813 1013 2847; x_wconf 88' lang='lat' dir='ltr'>suo</span> <span class='ocrx_word' id='word_1_235' title='bbox 1034 2801 1144 2849; x_wconf 88' lang='lat' dir='ltr'>arbitrio</span> <span class='ocrx_word' id='word_1_236' title='bbox 1166 2801 1270 2851; x_wconf 88' lang='lat' dir='ltr'>interim</span> <span class='ocrx_word' id='word_1_237' title='bbox 1315 2832 1319 2843; x_wconf 88' lang='lat'>‚</span> 
     </span>
     <span class='ocr_line' id='line_1_29' title="bbox 199 2872 1273 2944; baseline 0.005 -22"><span class='ocrx_word' id='word_1_238' title='bbox 199 2872 212 2906; x_wconf 79' lang='lat'>‘¹</span> <span class='ocrx_word' id='word_1_239' title='bbox 230 2874 535 2941; x_wconf 58' lang='lat' dir='ltr'>maecenatiana]</span> <span class='ocrx_word' id='word_1_240' title='bbox 559 2880 620 2929; x_wconf 87' lang='lat' dir='ltr'>Non</span> <span class='ocrx_word' id='word_1_241' title='bbox 639 2895 698 2944; x_wconf 83' lang='lat' dir='ltr'>pro.</span> <span class='ocrx_word' id='word_1_242' title='bbox 738 2873 827 2921; x_wconf 86' lang='lat' dir='ltr'>relicti</span> <span class='ocrx_word' id='word_1_243' title='bbox 838 2873 964 2935; x_wconf 86' lang='lat' dir='ltr'>Armenii,</span> <span class='ocrx_word' id='word_1_244' title='bbox 982 2876 1042 2924; x_wconf 75' lang='lat' dir='ltr'>ditm</span> <span class='ocrx_word' id='word_1_245' title='bbox 1059 2878 1179 2926; x_wconf 89' lang='lat' dir='ltr'>rescribit</span> <span class='ocrx_word' id='word_1_246' title='bbox 1190 2878 1273 2943; x_wconf 87' lang='lat' dir='ltr'>Nero,</span> 
     </span>
     <span class='ocr_line' id='line_1_30' title="bbox 168 2949 1124 3015; baseline 0.008 -16"><span class='ocrx_word' id='word_1_247' title='bbox 168 2955 261 3013; x_wconf 83' lang='lat' dir='ltr'>pterea</span> <span class='ocrx_word' id='word_1_248' title='bbox 281 2953 429 3001; x_wconf 79' lang='lat' dir='ltr'>excluditur</span> <span class='ocrx_word' id='word_1_249' title='bbox 450 2956 573 3005; x_wconf 81' lang='lat' dir='ltr'>Vasaces.</span> <span class='ocrx_word' id='word_1_250' title='bbox 618 2958 698 3007; x_wconf 84' lang='lat' dir='ltr'>[mmo</span> <span class='ocrx_word' id='word_1_251' title='bbox 739 2949 872 2998; x_wconf 82' lang='lat' dir='ltr'>anfoederi</span> <span class='ocrx_word' id='word_1_252' title='bbox 884 2954 1124 3015; x_wconf 76' lang='lat' dir='ltr'>senpectaaaoeret.</span> 
     </span>
     <span class='ocr_line' id='line_1_31' title="bbox 137 3026 1272 3096; baseline 0.004 -24"><span class='ocrx_word' id='word_1_253' title='bbox 137 3027 140 3032; x_wconf 92' lang='lat'>&#39;</span> <span class='ocrx_word' id='word_1_254' title='bbox 169 3030 461 3094; x_wconf 75' lang='lat' dir='ltr'>praeterVasacem‚qui</span> <span class='ocrx_word' id='word_1_255' title='bbox 473 3030 557 3081; x_wconf 73' lang='lat' dir='ltr'>foedus</span> <span class='ocrx_word' id='word_1_256' title='bbox 568 3034 699 3096; x_wconf 67' lang='lat' dir='ltr'>componit</span> <span class='ocrx_word' id='word_1_257' title='bbox 774 3026 850 3073; x_wconf 87' lang='lat' dir='ltr'>Forte</span> <span class='ocrx_word' id='word_1_258' title='bbox 859 3028 961 3074; x_wconf 88' lang='lat' dir='ltr'>omnino</span> <span class='ocrx_word' id='word_1_259' title='bbox 974 3027 1154 3075; x_wconf 81' lang='lat' dir='ltr'>abscesserant</span> <span class='ocrx_word' id='word_1_260' title='bbox 1164 3028 1272 3077; x_wconf 86' lang='lat' dir='ltr'>Romani</span> 
     </span>
     <span class='ocr_line' id='line_1_32' title="bbox 169 3094 1273 3171; baseline 0 -20"><span class='ocrx_word' id='word_1_261' title='bbox 169 3118 199 3152; x_wconf 90' lang='lat' dir='ltr'>ac</span> <span class='ocrx_word' id='word_1_262' title='bbox 222 3105 351 3168; x_wconf 83' lang='lat' dir='ltr'>transigit,</span> <span class='ocrx_word' id='word_1_263' title='bbox 377 3121 473 3169; x_wconf 86' lang='lat' dir='ltr'>eorum,</span> <span class='ocrx_word' id='word_1_264' title='bbox 504 3124 561 3171; x_wconf 78' lang='lat' dir='ltr'>qnae</span> <span class='ocrx_word' id='word_1_265' title='bbox 589 3110 699 3158; x_wconf 73' lang='lat' dir='ltr'>invicem</span> <span class='ocrx_word' id='word_1_266' title='bbox 740 3094 1273 3163; x_wconf 77' lang='lat' dir='ltr'>Armeriiu,etParthus,quivictordabat</span> 
     </span>
     <span class='ocr_line' id='line_1_33' title="bbox 162 3176 1272 3248; baseline 0.001 -22"><span class='ocrx_word' id='word_1_267' title='bbox 162 3182 282 3230; x_wconf 47' lang='lat' dir='ltr'>*Vasaces</span> <span class='ocrx_word' id='word_1_268' title='bbox 299 3190 326 3230; x_wconf 85' lang='lat' dir='ltr'>et</span> <span class='ocrx_word' id='word_1_269' title='bbox 339 3182 429 3232; x_wconf 63' lang='lat' dir='ltr'>Parus</span> <span class='ocrx_word' id='word_1_270' title='bbox 441 3186 610 3248; x_wconf 59' lang='lat' dir='ltr'>pepigissent,</span> <span class='ocrx_word' id='word_1_271' title='bbox 626 3187 699 3235; x_wconf 59' lang='lat' dir='ltr'>testi,</span> <span class='ocrx_word' id='word_1_272' title='bbox 741 3182 795 3223; x_wconf 90' lang='lat' dir='ltr'>tum</span> <span class='ocrx_word' id='word_1_273' title='bbox 808 3178 889 3239; x_wconf 86' lang='lat' dir='ltr'>leges,</span> <span class='ocrx_word' id='word_1_274' title='bbox 908 3178 1016 3225; x_wconf 88' lang='lat' dir='ltr'>retinuit</span> <span class='ocrx_word' id='word_1_275' title='bbox 1029 3176 1145 3240; x_wconf 72' lang='lat' dir='ltr'>quodam</span> <span class='ocrx_word' id='word_1_276' title='bbox 1158 3178 1272 3241; x_wconf 87' lang='lat' dir='ltr'>castella,</span> 
     </span>
     <span class='ocr_line' id='line_1_34' title="bbox 170 3252 1273 3324; baseline 0.002 -22"><span class='ocrx_word' id='word_1_277' title='bbox 170 3256 306 3305; x_wconf 82' lang='lat' dir='ltr'>adhibetur</span> <span class='ocrx_word' id='word_1_278' title='bbox 326 3260 493 3321; x_wconf 71' lang='lat' dir='ltr'>Monobazus,</span> <span class='ocrx_word' id='word_1_279' title='bbox 516 3262 590 3324; x_wconf 62' lang='lat' dir='ltr'>quasi</span> <span class='ocrx_word' id='word_1_280' title='bbox 608 3262 634 3308; x_wconf 75' lang='lat' dir='ltr'>tn</span> <span class='ocrx_word' id='word_1_281' title='bbox 652 3276 699 3310; x_wconf 64' lang='lat' dir='ltr'>gua</span> <span class='ocrx_word' id='word_1_282' title='bbox 741 3252 824 3301; x_wconf 88' lang='lat' dir='ltr'>donec</span> <span class='ocrx_word' id='word_1_283' title='bbox 836 3254 1002 3315; x_wconf 83' lang='lat' dir='ltr'>pervinceret</span> <span class='ocrx_word' id='word_1_284' title='bbox 1014 3253 1135 3315; x_wconf 88' lang='lat' dir='ltr'>Corbulo,</span> <span class='ocrx_word' id='word_1_285' title='bbox 1152 3254 1273 3304; x_wconf 85' lang='lat' dir='ltr'>eaetiam</span> 
     </span>
     <span class='ocr_line' id='line_1_35' title="bbox 170 3328 854 3396; baseline 0.006 -15"><span class='ocrx_word' id='word_1_286' title='bbox 170 3348 254 3396; x_wconf 75' lang='lat' dir='ltr'>carisa,</span> <span class='ocrx_word' id='word_1_287' title='bbox 274 3336 306 3383; x_wconf 90' lang='lat' dir='ltr'>ob</span> <span class='ocrx_word' id='word_1_288' title='bbox 328 3337 486 3387; x_wconf 84' lang='lat' dir='ltr'>vicinitatem</span> <span class='ocrx_word' id='word_1_289' title='bbox 506 3338 699 3388; x_wconf 90' lang='lat' dir='ltr'>Adiabenorum</span> <span class='ocrx_word' id='word_1_290' title='bbox 740 3328 854 3377; x_wconf 67' lang='lat' dir='ltr'>liberari·</span> 
     </span>
     <span class='ocr_line' id='line_1_36' title="bbox 169 3401 1272 3467; baseline 0.003 -13"><span class='ocrx_word' id='word_1_291' title='bbox 169 3415 198 3457; x_wconf 92' lang='lat' dir='ltr'>et</span> <span class='ocrx_word' id='word_1_292' title='bbox 208 3409 398 3461; x_wconf 81' lang='lat' dir='ltr'>Armeniorum,</span> <span class='ocrx_word' id='word_1_293' title='bbox 773 3401 957 3467; x_wconf 76' lang='lat' dir='ltr'>feommeano]</span> <span class='ocrx_word' id='word_1_294' title='bbox 985 3406 1045 3455; x_wconf 90' lang='lat' dir='ltr'>Non</span> <span class='ocrx_word' id='word_1_295' title='bbox 1071 3412 1156 3455; x_wconf 88' lang='lat' dir='ltr'>tamen</span> <span class='ocrx_word' id='word_1_296' title='bbox 1183 3421 1272 3457; x_wconf 82' lang='lat' dir='ltr'>omnes</span> 
     </span>
     <span class='ocr_line' id='line_1_37' title="bbox 162 3480 1274 3553; baseline 0.01 -32"><span class='ocrx_word' id='word_1_297' title='bbox 162 3490 167 3496; x_wconf 92' lang='grc'><em>“</em></span> <span class='ocrx_word' id='word_1_298' title='bbox 202 3495 213 3521; x_wconf 80' lang='grc' dir='ltr'><strong>ο</strong></span> <span class='ocrx_word' id='word_1_299' title='bbox 229 3485 348 3534; x_wconf 59' lang='lat' dir='ltr'>Demere</span> <span class='ocrx_word' id='word_1_300' title='bbox 363 3503 453 3537; x_wconf 62' lang='lat' dir='ltr'>omnem</span> <span class='ocrx_word' id='word_1_301' title='bbox 470 3489 582 3553; x_wconf 61' lang='lat' dir='ltr'>militem]</span> <span class='ocrx_word' id='word_1_302' title='bbox 605 3491 701 3539; x_wconf 73' lang='lat' dir='ltr'>Posset</span> <span class='ocrx_word' id='word_1_303' title='bbox 733 3480 951 3530; x_wconf 68' lang='lat' dir='ltr'>‘tradiianriht&#39;s</span> <span class='ocrx_word' id='word_1_304' title='bbox 985 3480 1192 3531; x_wconf 77' lang='lat' dir='ltr'>Nantslclnfrat</span> <span class='ocrx_word' id='word_1_305' title='bbox 1209 3482 1274 3532; x_wconf 77' lang='lat' dir='ltr'>‘Ob-</span> 
     </span>
     <span class='ocr_line' id='line_1_38' title="bbox 171 3558 1274 3630; baseline 0.007 -25"><span class='ocrx_word' id='word_1_306' title='bbox 171 3558 239 3608; x_wconf 84' lang='lat' dir='ltr'>forte</span> <span class='ocrx_word' id='word_1_307' title='bbox 249 3561 359 3623; x_wconf 79' lang='lat' dir='ltr'>intelligi</span> <span class='ocrx_word' id='word_1_308' title='bbox 376 3571 428 3613; x_wconf 73' lang='lat' dir='ltr'>taor</span> <span class='ocrx_word' id='word_1_309' title='bbox 447 3564 607 3626; x_wconf 70' lang='lat' dir='ltr'>depuratus,</span> <span class='ocrx_word' id='word_1_310' title='bbox 625 3582 700 3630; x_wconf 84' lang='lat' dir='ltr'>quam</span> <span class='ocrx_word' id='word_1_311' title='bbox 741 3560 817 3606; x_wconf 73' lang='lat' dir='ltr'>sessis</span> <span class='ocrx_word' id='word_1_312' title='bbox 838 3559 902 3605; x_wconf 68' lang='lat' dir='ltr'>adeo</span> <span class='ocrx_word' id='word_1_313' title='bbox 924 3558 1131 3621; x_wconf 76' lang='lat' dir='ltr'>suppeditavisse</span> <span class='ocrx_word' id='word_1_314' title='bbox 1152 3575 1204 3607; x_wconf 80' lang='lat' dir='ltr'>rem</span> <span class='ocrx_word' id='word_1_315' title='bbox 1222 3559 1274 3607; x_wconf 85' lang='lat' dir='ltr'>fm-</span> 
     </span>
     <span class='ocr_line' id='line_1_39' title="bbox 163 3635 1274 3702; baseline 0.002 -20"><span class='ocrx_word' id='word_1_316' title='bbox 163 3636 205 3684; x_wconf 85' lang='lat' dir='ltr'>·de</span> <span class='ocrx_word' id='word_1_317' title='bbox 215 3638 352 3687; x_wconf 81' lang='lat' dir='ltr'>Romanis:</span> <span class='ocrx_word' id='word_1_318' title='bbox 370 3640 416 3688; x_wconf 71' lang='lat' dir='ltr'>sed</span> <span class='ocrx_word' id='word_1_319' title='bbox 430 3642 515 3702; x_wconf 69' lang='lat' dir='ltr'>potius</span> <span class='ocrx_word' id='word_1_320' title='bbox 535 3640 560 3689; x_wconf 69' lang='lat' dir='ltr'>td</span> <span class='ocrx_word' id='word_1_321' title='bbox 577 3642 614 3689; x_wconf 79' lang='lat' dir='ltr'>ibi</span> <span class='ocrx_word' id='word_1_322' title='bbox 626 3643 700 3690; x_wconf 66' lang='lat' dir='ltr'>intel.</span> <span class='ocrx_word' id='word_1_323' title='bbox 743 3636 893 3681; x_wconf 86' lang='lat' dir='ltr'>rnentariaru</span> <span class='ocrx_word' id='word_1_324' title='bbox 906 3636 1030 3697; x_wconf 84' lang='lat' dir='ltr'>constitit,</span> <span class='ocrx_word' id='word_1_325' title='bbox 1042 3642 1070 3683; x_wconf 90' lang='lat' dir='ltr'>ut</span> <span class='ocrx_word' id='word_1_326' title='bbox 1082 3635 1179 3683; x_wconf 77' lang='lat' dir='ltr'>horreis</span> <span class='ocrx_word' id='word_1_327' title='bbox 1189 3635 1274 3699; x_wconf 79' lang='lat' dir='ltr'>ignem</span> 
     </span>
     <span class='ocr_line' id='line_1_40' title="bbox 170 3710 897 3776; baseline 0.006 -16"><span class='ocrx_word' id='word_1_328' title='bbox 170 3710 550 3776; x_wconf 76' lang='lat' dir='ltr'>ligeudnmdellomanissolis3</span> <span class='ocrx_word' id='word_1_329' title='bbox 569 3716 702 3766; x_wconf 81' lang='lat' dir='ltr'>narninfra</span> <span class='ocrx_word' id='word_1_330' title='bbox 741 3710 897 3773; x_wconf 58' lang='lat' dir='ltr'>injicerent?</span> 
     </span>
     <span class='ocr_line' id='line_1_41' title="bbox 172 3786 1273 3855; baseline 0.003 -21"><span class='ocrx_word' id='word_1_331' title='bbox 172 3786 347 3850; x_wconf 80' lang='lat' dir='ltr'>interrogatus</span> <span class='ocrx_word' id='word_1_332' title='bbox 359 3791 492 3851; x_wconf 84' lang='lat' dir='ltr'>Centurio,</span> <span class='ocrx_word' id='word_1_333' title='bbox 510 3798 517 3820; x_wconf 90' lang='lat'>‘</span> <span class='ocrx_word' id='word_1_334' title='bbox 532 3796 619 3855; x_wconf 88' lang='lat' dir='ltr'>quoin</span> <span class='ocrx_word' id='word_1_335' title='bbox 633 3802 700 3842; x_wconf 81' lang='lat' dir='ltr'>statu</span> <span class='ocrx_word' id='word_1_336' title='bbox 780 3790 812 3836; x_wconf 83' lang='lat' dir='ltr'>Et</span> <span class='ocrx_word' id='word_1_337' title='bbox 823 3789 973 3852; x_wconf 85' lang='lat' dir='ltr'>commentas]</span> <span class='ocrx_word' id='word_1_338' title='bbox 990 3791 1088 3853; x_wconf 83' lang='lat' dir='ltr'>Copiae,</span> <span class='ocrx_word' id='word_1_339' title='bbox 1100 3804 1203 3851; x_wconf 87' lang='lat' dir='ltr'>nempe,</span> <span class='ocrx_word' id='word_1_340' title='bbox 1215 3802 1273 3850; x_wconf 79' lang='lat' dir='ltr'>qnae</span> 
     </span>
     <span class='ocr_line' id='line_1_42' title="bbox 165 3861 1276 3929; baseline -0.003 -17"><span class='ocrx_word' id='word_1_341' title='bbox 165 3861 295 3911; x_wconf 79' lang='lat' dir='ltr'>&#39;Armenia</span> <span class='ocrx_word' id='word_1_342' title='bbox 317 3866 405 3927; x_wconf 87' lang='lat' dir='ltr'>esset,&#39;</span> <span class='ocrx_word' id='word_1_343' title='bbox 432 3868 629 3916; x_wconf 79' lang='lat' dir='ltr'>‘omuesinde</span> <span class='ocrx_word' id='word_1_344' title='bbox 653 3871 703 3917; x_wconf 83' lang='lat' dir='ltr'>Ro.</span> <span class='ocrx_word' id='word_1_345' title='bbox 744 3875 818 3913; x_wconf 92' lang='lat' dir='ltr'>erant</span> <span class='ocrx_word' id='word_1_346' title='bbox 830 3866 854 3911; x_wconf 92' lang='lat' dir='ltr'>in</span> <span class='ocrx_word' id='word_1_347' title='bbox 866 3866 927 3927; x_wconf 81' lang='lat' dir='ltr'>ipsis</span> <span class='ocrx_word' id='word_1_348' title='bbox 944 3868 1057 3914; x_wconf 86' lang='lat' dir='ltr'>castellis</span> <span class='ocrx_word' id='word_1_349' title='bbox 1069 3883 1124 3929; x_wconf 76' lang='lat' dir='ltr'>que</span> <span class='ocrx_word' id='word_1_350' title='bbox 1138 3863 1276 3913; x_wconf 86' lang='lat' dir='ltr'>tradeban-</span> 
     </span>
     <span class='ocr_line' id='line_1_43' title="bbox 173 3936 1274 4006; baseline -0.005 -17"><span class='ocrx_word' id='word_1_351' title='bbox 173 3944 579 4006; x_wconf 65' lang='lat' dir='ltr'>manosexcessisserespondn!</span> <span class='ocrx_word' id='word_1_352' title='bbox 599 3947 703 3996; x_wconf 80' lang='lat' dir='ltr'>Etihid.</span> <span class='ocrx_word' id='word_1_353' title='bbox 745 3949 797 3998; x_wconf 86' lang='lat' dir='ltr'>tur,</span> <span class='ocrx_word' id='word_1_354' title='bbox 818 3955 867 3987; x_wconf 92' lang='lat' dir='ltr'>non</span> <span class='ocrx_word' id='word_1_355' title='bbox 888 3956 949 3989; x_wconf 87' lang='lat' dir='ltr'>vero</span> <span class='ocrx_word' id='word_1_356' title='bbox 969 3958 1025 4004; x_wconf 75' lang='lat' dir='ltr'>qua</span> <span class='ocrx_word' id='word_1_357' title='bbox 1049 3942 1073 3987; x_wconf 93' lang='lat' dir='ltr'>in</span> <span class='ocrx_word' id='word_1_358' title='bbox 1098 3940 1160 4000; x_wconf 83' lang='lat' dir='ltr'>ipsis</span> <span class='ocrx_word' id='word_1_359' title='bbox 1183 3936 1274 3985; x_wconf 86' lang='lat' dir='ltr'>castris</span> 
     </span>
     <span class='ocr_line' id='line_1_44' title="bbox 173 4012 1275 4082; baseline -0.006 -17"><span class='ocrx_word' id='word_1_360' title='bbox 173 4016 359 4082; x_wconf 81' lang='lat' dir='ltr'>‘Castellaque</span> <span class='ocrx_word' id='word_1_361' title='bbox 377 4027 405 4067; x_wconf 91' lang='lat' dir='ltr'>et</span> <span class='ocrx_word' id='word_1_362' title='bbox 422 4016 579 4068; x_wconf 80' lang='lat' dir='ltr'>commeatus</span> <span class='ocrx_word' id='word_1_363' title='bbox 597 4020 703 4071; x_wconf 86' lang='lat' dir='ltr'>Parthis</span> <span class='ocrx_word' id='word_1_364' title='bbox 744 4020 881 4081; x_wconf 77' lang='lat' dir='ltr'>legimuuu.</span> <span class='ocrx_word' id='word_1_365' title='bbox 901 4021 966 4067; x_wconf 67' lang='lat' dir='ltr'>Nam</span> <span class='ocrx_word' id='word_1_366' title='bbox 978 4035 1034 4068; x_wconf 86' lang='lat' dir='ltr'>cum</span> <span class='ocrx_word' id='word_1_367' title='bbox 1046 4018 1146 4065; x_wconf 84' lang='lat' dir='ltr'>ahireut</span> <span class='ocrx_word' id='word_1_368' title='bbox 1157 4012 1275 4073; x_wconf 78' lang='lat' dir='ltr'>Rotnani,</span> 
     </span>
     <span class='ocr_line' id='line_1_45' title="bbox 175 4090 1273 4159; baseline -0.003 -19"><span class='ocrx_word' id='word_1_369' title='bbox 175 4092 259 4143; x_wconf 64' lang='lat' dir='ltr'>tradi!</span> <span class='ocrx_word' id='word_1_370' title='bbox 298 4097 330 4142; x_wconf 84' lang='lat' dir='ltr'>Et</span> <span class='ocrx_word' id='word_1_371' title='bbox 351 4094 421 4143; x_wconf 84' lang='lat' dir='ltr'>infra</span> <span class='ocrx_word' id='word_1_372' title='bbox 437 4096 515 4144; x_wconf 86' lang='lat' dir='ltr'>etiam</span> <span class='ocrx_word' id='word_1_373' title='bbox 533 4098 644 4146; x_wconf 82' lang='lat' dir='ltr'>Corbulo</span> <span class='ocrx_word' id='word_1_374' title='bbox 662 4113 703 4159; x_wconf 90' lang='lat' dir='ltr'>po·</span> <span class='ocrx_word' id='word_1_375' title='bbox 744 4096 835 4142; x_wconf 73' lang='lat' dir='ltr'>horreis</span> <span class='ocrx_word' id='word_1_376' title='bbox 849 4097 926 4151; x_wconf 65' lang='lat' dir='ltr'>ignem</span> <span class='ocrx_word' id='word_1_377' title='bbox 944 4094 1085 4153; x_wconf 63' lang='lat' dir='ltr'>injecerint:</span> <span class='ocrx_word' id='word_1_378' title='bbox 1103 4090 1180 4151; x_wconf 87' lang='lat' dir='ltr'>idque</span> <span class='ocrx_word' id='word_1_379' title='bbox 1197 4090 1273 4153; x_wconf 85' lang='lat' dir='ltr'>longe</span> 
     </span>
     <span class='ocr_line' id='line_1_46' title="bbox 175 4165 1212 4239; baseline -0.003 -23"><span class='ocrx_word' id='word_1_380' title='bbox 175 4171 253 4238; x_wconf 84' lang='lat' dir='ltr'>stulat</span> <span class='ocrx_word' id='word_1_381' title='bbox 269 4171 435 4233; x_wconf 78' lang='lat' dir='ltr'>aVologese,</span> <span class='ocrx_word' id='word_1_382' title='bbox 451 4173 558 4220; x_wconf 85' lang='lat' dir='ltr'>castella</span> <span class='ocrx_word' id='word_1_383' title='bbox 574 4174 704 4222; x_wconf 75' lang='lat' dir='ltr'>Armeniae</span> <span class='ocrx_word' id='word_1_384' title='bbox 735 4172 867 4237; x_wconf 72' lang='lat' dir='ltr'>‘insignius</span> <span class='ocrx_word' id='word_1_385' title='bbox 877 4170 1003 4235; x_wconf 79' lang='lat' dir='ltr'>flagitium</span> <span class='ocrx_word' id='word_1_386' title='bbox 1015 4168 1085 4217; x_wconf 83' lang='lat' dir='ltr'>Paeti</span> <span class='ocrx_word' id='word_1_387' title='bbox 1095 4165 1172 4215; x_wconf 81' lang='lat' dir='ltr'>toret.</span> <span class='ocrx_word' id='word_1_388' title='bbox 1199 4226 1212 4239; x_wconf 8' lang='grc' dir='ltr'>,Ἴ</span> 
     </span>
     <span class='ocr_line' id='line_1_47' title="bbox 167 4243 596 4307; baseline 0.005 -9"><span class='ocrx_word' id='word_1_389' title='bbox 167 4243 303 4307; x_wconf 71' lang='lat' dir='ltr'>‘presidiis</span> <span class='ocrx_word' id='word_1_390' title='bbox 314 4243 470 4298; x_wconf 85' lang='lat' dir='ltr'>Parthorum</span> <span class='ocrx_word' id='word_1_391' title='bbox 482 4246 596 4299; x_wconf 84' lang='lat' dir='ltr'>liberari.</span> 
     </span>
    </p>
   </div>
   <div class='ocr_carea' id='block_1_10' title="bbox 0 0 1517 4850">
    <p class='ocr_par' dir='ltr' id='par_1_11' title="bbox 0 0 1517 4850">
     <span class='ocr_line' id='line_1_48' title="bbox 0 0 1517 4850; baseline 0 0"><span class='ocrx_word' id='word_1_392' title='bbox 0 0 1517 4850; x_wconf 95' lang='lat' dir='ltr'> </span> 
     </span>
    </p>
   </div>
  </div>
 </body>
</html>
