2984 4850
219 300 308 376 1816
572 316 605 365 c.
629 313 976 366 connumeramur
1162 308 1321 388 [nuruis

217 482 302 541 mor,
328 465 368 526 'et
388 464 463 526 orte
483 459 679 528 insidiarum
710 461 745 526 iu
769 459 945 527 Neronem
957 479 1079 544 magne
1105 461 1227 541 moles,
1259 461 1321 526 sed

220 565 449 648 improsperae

220 764 299 813 Mem
308 764 415 814 missin.
447 763 515 814 Hinc
526 761 611 814 Pisoni
620 769 705 830 metus,
720 764 782 815 binc
793 770 817 814 et
827 764 935 831 ingestis
943 762 1013 813 nous
1022 761 1151 824 merciis
1168 760 1270 826 conflato
1281 759 1331 811 uti

218 843 299 878 urnas
308 829 437 894 Neronum,
448 833 488 879 sed
497 828 611 890 Mento.

682 965 861 986 nummo

219 1081 349 1134 ditumsrt.
381 1083 413 1133 ln
425 1083 478 1133 Ms.
495 1081 574 1132 Bodi.
593 1083 682 1134 editum
693 1089 787 1134 ert—t
805 1085 849 1134 Sic
867 1083 935 1133 bene
953 1082 1125 1132 Puteolanus.
1157 1080 1253 1146 Inlds.
1265 1081 1320 1134 Jea.

218 1152 241 1224 ct
259 1147 411 1226 improspera.
443 1149 596 1226 Iltsuquoque
607 1148 773 1226 emendatum
784 1149 810 1226 in
821 1150 872 1198 Ma.
883 1148 960 1198 Bodi.
979 1146 1024 1196 ubi
1034 1145 1265 1222 primoscriptum,
1281 1147 1324 1195 red
1405 1183 1409 1190 .

217 1211 713 1344 mgmdffiazemfficergz,
729 1219 851 1328 {agento
862 1212 915 1263 bis.
933 1210 1024 1263 Gueif.
1045 1217 1074 1260 et
1089 1209 1248 1276 quibusdam
1263 1210 1322 1259 atus

713 1463 821 1515 NO'l'AE

218 1573 312 1625 fuisset
321 1575 374 1625 niis
390 1589 476 1626 rernm
487 1591 610 1627 novarum
625 1578 749 1643 cogitatio
789 1579 859 1630 illius
871 1577 1022 1644 ambitione,
1037 1577 1129 1628 seder
1146 1575 1253 1640 flagitiis
1270 1573 1324 1625 Ne-

218 1653 250 1704 C·
261 1651 373 1715 Pisonis,
389 1653 476 1716 potius
486 1653 561 1703 istius
577 1655 692 1704 criminis
703 1669 749 1705 seu
790 1656 869 1718 runis,
889 1654 959 1704 unde
977 1661 1006 1704 et
1022 1654 1105 1704 miuus
1124 1654 1324 1717 suspectabatur

215 1728 335 1778 minatis
345 1743 417 1778 reum
435 1730 646 1792 eracliensem,
664 1737 692 1780 et
706 1731 750 1781 Se·
789 1730 862 1782 Piso.

216 1817 308 1854 necem
320 1819 335 1853 a
348 1805 441 1854 talibus
460 1807 577 1856 consiliis
595 1807 687 1869 procul
706 1807 750 1857 ab·
822 1808 858 1856 Et
874 1806 1015 1870 coniugis,
1033 1806 1102 1870 quod
1119 1805 1193 1856 luxui
1208 1804 1324 1868 indulge-

217 1893 291 1928 esse:
309 1885 337 1929 et
355 1894 396 1929 res
411 1880 536 1930 hactenus
551 1880 585 1930 de
603 1879 700 1931 Pisone
710 1883 748 1933 ric
789 1880 837 1932 bat
847 1882 918 1932 Piso.
951 1881 1054 1931 Ibidem
1062 1883 1127 1932 Tac.
1136 1883 1196 1931 48.ι
1207 1880 1325 1931 Lenitati

184 1989 190 2002 .
215 1959 349 2006 transacto
361 1962 411 2006 est.
789 1971 820 2006 ac
833 1955 1032 2020 magnificentiae
1050 1964 1079 2007 et
1096 1957 1236 2021 aliquando
1250 1956 1322 2005 luxui

248 2030 302 2080 Sed
321 2031 343 2079 si
354 2030 484 2096 sequimur
501 2033 633 2084 historiam
645 2048 659 2085 e
671 2036 749 2086 vesti·
788 2030 958 2095 indulgebat!
999 2031 1087 2080 Etiam
1111 2045 1163 2081 uon
1186 2022 1339 2093 carebanb‘

215 2105 258 2165 gio
281 2107 451 2180 reperiemus,
470 2109 612 2160 identidem
631 2113 748 2176 erupisse
790 2108 957 2174 qnisamicus
968 2113 995 2158 et
1006 2109 1101 2171 bospes
1119 2108 1231 2158 Neronia
1242 2107 1321 2167 Piso;

215 2178 310 2232 famam
329 2187 357 2229 et
375 2195 504 2232 sermones
524 2197 556 2232 cx
574 2182 665 2235 favore
678 2187 748 2249 vulgi
788 2191 817 2234 et
831 2183 994 2235 familiariter
1013 2183 1102 2233 viltam
1121 2185 1178 2247 ejus
1197 2182 1321 2232 Baianum

215 2256 241 2306 iu
254 2255 396 2318 Pisonem
412 2257 445 2307 ed
463 2273 521 2323 quse
533 2266 631 2322 tumen,
646 2262 689 2311 vel
709 2262 748 2312 sie
788 2258 973 2325 frequentabat
993 2259 1082 2314 Nero:
1099 2258 1159 2308 binc
1176 2259 1262 2308 minus
1278 2257 1322 2307 ad·

214 2332 320 2384 volente
332 2331 396 2397 fato,
411 2335 454 2384 vel
472 2347 520 2398 per
530 2336 674 2386 socordiam
694 2339 749 2388 Ne·
788 2334 939 2386 vertebant.

215 2408 295 2473 runis,
305 2409 349 2475 qni
361 2408 440 2471 fastu,
452 2412 525 2474 luxu,
536 2419 564 2462 et
578 2413 647 2463 euris
658 2415 749 2480 volup.
821 2411 915 2477 Igitur,
925 2410 1048 2477 uirides,
1058 2409 1182 2476 paulatim
1192 2409 1322 2460 emicabat

215 2490 301 2535 tutum
317 2486 498 2553 distinebatur,
514 2502 565 2538 non
577 2490 750 2541 advertebant
789 2485 865 2537 saror
875 2487 987 2550 Pisonis,
997 2493 1025 2537 ct
1035 2486 1112 2537 multi
1119 2486 1195 2535 amici
1205 2486 1321 2548 ederant,

214 2560 332 2624 magistri
343 2560 532 2628 dominationis,
542 2573 588 2615 aut
599 2566 671 2615 Nero
683 2566 749 2631 ipse.
790 2571 821 2613 ut
842 2570 871 2613 et
891 2564 1016 2614 Seneca:
1045 2562 1113 2628 quod
1136 2561 1277 2611 advertens
1294 2567 1322 2610 et

248 2634 383 2701 ltaquesic
394 2638 473 2688 babet
484 2640 546 2689 Tac.
555 2653 601 2691 xv.
610 2642 669 2702 48.ι
681 2642 750 2694 Aue-
789 2649 942 2704 suspectans
955 2632 1079 2704 jamtum
1090 2640 1220 2703 Rursusne,
1237 2643 1267 2687 ut
1276 2652 1323 2702 pu·

215 2718 243 2761 ta
263 2712 453 2776 conjuratione,
478 2714 505 2763 in
529 2730 605 2779 quom
628 2720 750 2769 certatim
789 2725 827 2778 to,
836 2717 946 2769 libertus
957 2715 1067 2767 Caesaris
1083 2715 1188 2764 et'auisc
1197 2721 1282 2776 retus,
1292 2719 1321 2763 nt

213 2786 319 2836 nomina
340 2787 468 2838 dederant
490 2795 634 2855 senatores,
660 2808 749 2858 eques,
790 2791 901 2855 gratiam
912 2792 1025 2842 Neronis
1036 2796 1151 2854 pararet,
1166 2790 1217 2839 sibi
1227 2803 1319 2853 magno

213 2862 297 2926 miles,
307 2861 419 2913 foeminre
429 2864 517 2928 etium,
526 2880 584 2916 curu
595 2868 655 2919 odio
665 2870 748 2921 Nero·
787 2865 903 2916 facinore
919 2866 1076 2928 ¹criminatur
1094 2866 1230 2926 Senecam,
1250 2863 1321 2929 quasi

213 2937 254 2987 nis
276 2943 330 2989 tum
348 2937 439 2990 favore
457 2942 484 2991 iu
502 2942 532 2993 C.
545 2944 684 2995 Pisonem.’
710 2947 746 2998 Et
785 2944 873 2993 meinos
885 2945 916 2993 C.
928 2943 1033 3006 Pisonis,
1049 2948 1077 2992 et
1090 2941 1162 3007 quasi
1178 2954 1222 2991 res
1240 2954 1320 2991 novas

212 3012 296 3065 int'rar
313 3016 413 3067 ‘Claro
433 3017 502 3083 apud
521 3020 625 3085 vulgum
643 3036 745 3075 rumore
787 3036 845 3072 cum
855 3020 901 3070 iiio
911 3022 1070 3070 molientem.
1309 3075 1313 3081 ,

213 3098 270 3143 erat
289 3107 337 3157 per
352 3094 476 3145 virtutem
492 3101 537 3146 ant
555 3098 654 3162 species
665 3100 745 3151 virtu·
817 3096 871 3147 Sed
889 3095 1009 3146 falsitatis
1029 3101 1121 3160 aperte
1139 3095 1273 3146 convictas
1290 3093 1320 3144 ti·

213 3169 282 3219 tibus
307 3172 413 3223 similes.
453 3174 572 3241 Namque
596 3175 745 3231 facundiam
784 3172 886 3235 bertus,
903 3179 931 3223 et
943 3180 1054 3238 uterque
1069 3173 1203 3234 innocens,
1220 3172 1321 3222 Seneca

216 3244 319 3295 tuendis
338 3247 437 3297 civibus
461 3250 610 3315 exercebat,
630 3252 745 3317 largitio·
785 3255 814 3299 et
831 3250 893 3299 Piso
913 3256 969 3298 tum
987 3248 1128 3313 temporis:
1146 3248 1214 3297 unde
1233 3253 1321 3297 nmen

213 3333 272 3369 nem
285 3320 409 3371 adversus
421 3324 533 3385 amicos,'
548 3327 598 3376 &m
630 3328 666 3377 Et
677 3327 746 3379 infra
785 3326 890 3376 Pisonis
908 3325 991 3390 favor,
1015 3333 1044 3377 et
1065 3340 1125 3376 mox
1147 3323 1261 3375 conflata
1276 3326 1321 3375 ilia

212 3400 253 3445 56.
266 3395 311 3445 ubi
329 3396 361 3446 de
378 3398 508 3464 colloquio
523 3406 625 3452 secreto
645 3402 745 3455 Natalis
785 3402 877 3466 iugens
888 3402 1034 3468 conjuratio
1046 3402 1195 3466 Pisoniana,
1204 3401 1321 3466 quamvis

213 3481 242 3521 et
252 3470 356 3523 Scevini
367 3474 570 3539 conjuratorum,
580 3492 674 3542 nempe
685 3494 745 3530 cum
786 3492 818 3528 eo
829 3485 956 3542 tempore,
975 3493 1026 3543 quo
1037 3483 1175 3529 accusatus
1186 3486 1228 3529 est
1242 3480 1321 3529 Seue·

213 3554 358 3621 spertlauest
367 3550 514 3614 conjuratio
529 3553 630 3605 Pisonis
642 3570 658 3605 a
668 3570 745 3607 serre
786 3568 820 3605 ca
829 3554 905 3605 istius
920 3555 1052 3616 Marte,
1069 3567 1146 3605 nemo
1156 3555 1240 3604 adbuc
1251 3553 1321 3617 ωςί-

212 3624 316 3674 Scerini
328 3640 374 3675 seu
391 3626 423 3677 ab
439 3642 520 3678 uxore
535 3630 614 3695 servi,
631 3632 669 3681 eit
678 3632 745 3697 ipsa,
786 3635 856 3680 taret
868 3630 902 3679 de
913 3630 1009 3681 Pisone
1020 3630 1151 3694 eligendo,
1161 3636 1208 3680 aut
1224 3629 1258 3681 de
1269 3630 1321 3680 ulia

213 3702 221 3729 ‘
234 3714 289 3750 esse
301 3706 424 3767 utrosque
437 3704 467 3753 C.
479 3704 583 3755 Pisonis
593 3706 713 3759 intimos?
786 3706 975 3771 conjuratione,
986 3706 1114 3757 uisisoius
1126 3707 1256 3756 Romans.

244 3777 323 3828 Unde
334 3778 390 3829 boc
402 3780 528 3831 rescierat
542 3784 655 3845 pessime
665 3786 745 3836 ancil·
819 3783 972 3848 Comparari
990 3784 1061 3833 uitro
1076 3783 1158 3845 possit
1173 3783 1222 3832 iste
1233 3784 1321 3833 Rom·

211 3853 254 3902 ta?
271 3852 334 3919 quid
352 3868 386 3903 er
404 3868 436 3905 eo
454 3854 535 3906 infert
553 3858 608 3923 iliu,
625 3860 676 3909 uisi
689 3862 745 3926 jam
785 3873 900 3909 mcum
913 3860 1006 3923 Grapto
1024 3859 1120 3910 liberto
1138 3859 1219 3909 etiam
1237 3858 1322 3908 Nero·

214 3937 340 3994 suspecta
351 3941 420 3983 esset
431 3932 563 3997 cupiditas
572 3935 683 3999 Pisonis,
700 3943 746 3988 aut
786 3935 836 3998 nis,
855 3949 931 4001 quem
942 3934 1070 3985 describit
1082 3934 1192 3986 Tacitus
1202 3948 1267 3989 xrrr·
1277 3939 1320 3985 tt.

217 4005 389 4067 potiustsvor
406 4008 474 4059 illins
492 4010 519 4059 in
531 4010 640 4076 vulgus?
667 4014 745 4078 Nam,
786 4010 860 4059 Nero
879 4009 1069 4076 ‘suspectabat
1094 4011 1206 4061 maxime
1224 4012 1321 4062 coms·

214 4083 390 4149 testeTacito,
405 4098 458 4137 non
468 4090 527 4137 orta
542 4086 701 4155 conspiratio
711 4104 745 4141 ex
786 4084 849 4137 lium
875 4086 983 4154 syriam,
1007 4090 1058 4139 dre.
1111 4088 1195 4141 Quem
1221 4092 1320 4139 metum
