2984 4850
231 388 320 459 20⁰⁰
590 394 625 452 u'.
649 402 829 453 conunuu
853 396 979 453 rscrrt
1173 396 1333 479 [tussa.

234 546 645 627 Minucium¹'Ther1num,
672 550 825 615 Praetura
844 542 1004 631 functum,
1019 537 1173 634 Tigellini
1187 535 1333 641 simulta7

230 654 320 721 tibus
343 653 495 729 dedidit,²
526 652 606 734 quia
630 652 769 717 libertus
795 652 928 718 Themi
943 654 1095 737 quaedam
1111 654 1153 717 de
1166 640 1334 736 Tigellino

234 757 407 821 criminose
438 754 625 829 detulerat,u
652 774 726 836 quae
751 755 968 818 cruciatibusv
983 762 1214 819 tormentorum
1229 758 1336 839 ipse,'

231 864 403 940 patronus³
420 857 493 939 ojus
506 874 587 918 nece
600 854 764 917 immerita
778 856 905 919 lucret.4

274 956 328 1023 21.
350 954 540 1029 Trucidatis
562 959 611 1018 tot
633 956 818 1037 insignibus
831 956 924 1034 viris,
949 955 993 1020 ad
1018 962 1220 1041 postremum
1243 956 1335 1021 Nero

235 1148 366 1203 l'oemiuam
385 1155 447 1203 odio.
480 1155 515 1203 m
536 1153 616 1217 ipsius
639 1154 754 1215 ltguttm
773 1154 836 1203 odiis
852 1154 962 1223 pepmisit
983 1155 1117 1203 Numicium
1139 1154 1274 1213 Thermum,
1297 1152 1338 1216 ptri

233 1223 363 1279 praeturum
374 1218 471 1279 abierut,
482 1220 542 1281 quod
552 1219 651 1267 libertus
664 1219 758 1267 Thermi
768 1222 877 1268 nonnulle
892 1220 918 1267 iu
939 1220 1053 1277 Tigellini
1069 1220 1257 1267 criminationum
1276 1219 1340 1265 iadi-

235 1286 318 1353 cussst,
339 1282 367 1330 ob
389 1299 440 1345 quoe
458 1282 576 1332 doloribus
593 1284 745 1348 questionum
767 1284 818 1347 ipse
833 1298 923 1333 servus
938 1285 1112 1345 cruciaretur,
1130 1287 1339 1345 patrunusautern

237 1346 318 1407 mique
327 1352 400 1395 morte
409 1353 539 1395 necaretur.

264 1410 404 1471 Interfectis
421 1417 456 1460 tot
470 1409 601 1461 illustribus
611 1410 679 1473 viris,
690 1414 785 1461 taudem
798 1411 863 1461 Nero
873 1410 986 1459 uirtutem
994 1410 1068 1474 ipmm
1079 1426 1093 1460 e
1104 1410 1181 1459 audio
1192 1411 1273 1463 tollere
1280 1424 1337 1472 per·

270 1638 283 1682 1
301 1632 413 1682 Broticr.
429 1633 507 1683 babet
525 1633 660 1683 Numicium
673 1634 805 1693 Thermum,
822 1633 897 1683 etsie
908 1635 1023 1686 Gronov.
1034 1641 1061 1683 et
1072 1634 1198 1698 Ryclsius.
1230 1634 1274 1683 Ita
1283 1633 1336 1681 llis.

232 1696 308 1745 Bodl.
335 1705 362 1745 et
382 1698 562 1759 Puteolanus„
583 1699 626 1747 Ita
647 1713 749 1761 quoque
770 1700 834 1747 biss.
855 1700 928 1748 Harl.
947 1700 1004 1749 Jes.
1020 1701 1066 1750 sed
1089 1701 1210 1748 mendose
1232 1698 1338 1755 habeut,

235 1760 355 1809 Turinum.
388 1762 438 1809 Ms.
457 1762 525 1812 Flor.
548 1762 681 1811 Mummium
706 1764 840 1811 Thermum.
873 1764 925 1812 Ms.
946 1766 1024 1812 Corb·
1044 1765 1176 1812 lliumitium
1195 1762 1338 1811 Tlrermium.

234 1825 286 1873 Ms.
309 1822 372 1887 Agr.
393 1834 421 1873 et
432 1824 513 1874 editio
523 1826 653 1889 princeps,
664 1825 797 1873 Minucium
810 1826 946 1875 lberiuum.
979 1828 1094 1890 Ryclrius
1111 1827 1241 1875 existimat
1253 1840 1339 1873 euleu·

235 1888 358 1947 dandum,
380 1890 513 1938 Minucium
536 1891 669 1948 Tlrerruum,
681 1897 710 1937 ut
721 1892 755 1937 sit
767 1905 781 1937 e
794 1892 905 1951 posteris
923 1892 957 1943 Q.
969 1892 1078 1939 Minucii
1091 1891 1207 1951 Thermi,
1218 1888 1266 1937 sub
1278 1902 1341 1951 quo,

234 1952 261 2000 iu
271 1952 333 2003 Asia
342 1961 464 2016 pretore,
474 1954 560 2001 Caesar
572 1954 655 2015 prima
666 1952 797 2013 stipendia
813 1951 913 2016 feeerit,
929 1954 968 2016 [et
978 1956 1015 2003 sic
1026 1954 1131 2003 edidere
1142 1952 1260 2017 Bipout.]
1278 1954 1341 2000 Bra·

234 2016 342 2065 tien—2
359 2018 400 2066 Sic
414 2016 481 2065 bene
492 2017 555 2065 Mss.
569 2016 644 2067 Harl.
655 2016 733 2066 Bodl.
742 2017 797 2067 Jes.
809 2017 898 2067 Guelf.
909 2025 937 2067 et
946 2020 1114 2068 Puteolanus.
1147 2019 1179 2067 lu
1191 2019 1254 2066 mss.
1267 2018 1340 2064 Flor.

235 2077 301 2142 Reg.
324 2080 391 2128 Bud.
415 2082 478 2142 Agr.
499 2082 576 2129 Corb.
590 2089 618 2130 et
639 2080 755 2129 editione
772 2082 901 2145 principe,
911 2084 1025 2131 deditum.
1042 2083 1172 2132 idem-8
1189 2083 1253 2131 Mas.
1264 2080 1340 2132 Harl·

237 2143 313 2191 Bodl.
323 2144 378 2193 Jes.
392 2144 512 2192 Patronus
522 2145 624 2199 atrocius
634 2146 700 2205 glum·
718 2144 788 2193 forte
806 2160 862 2207 pro,
874 2147 922 2205 m'us
937 2148 1047 2197 atrocius.
1079 2147 1193 2196 Atrociua
1205 2144 1342 2197 redundat·

236 2200 392 2257 Erotium-4
408 2206 485 2257 Acld.
497 2209 605 2272 conjicit
617 2209 695 2259 scribi
706 2210 770 2259 luere
781 2224 828 2273 pro
840 2211 943 2273 luerunt,
954 2211 1022 2274 quod
1035 2209 1142 2260 Lulleru.
1156 2211 1260 2275 probat.

735 2379 841 2431 NOTAE

237 2503 334 2560 autern,
347 2499 459 2549 Neronis
470 2499 566 2551 odium.
589 2500 703 2552 Pictam.
810 2510 907 2555 terent.

269 2576 412 2638 Legerinr:
442 2571 624 2640 pertuleratque.
668 2575 771 2640 Propria
841 2587 854 2611 ¹
879 2577 1043 2643 Cruciatibus]
1075 2579 1178 2643 Nempe
1205 2577 1343 2629 tormentis

236 2650 375 2700 mlum:
393 2652 533 2706 Numicium
546 2653 772 2715 Tbermumproetu·
809 2655 878 2704 servi
896 2655 1076 2720 inquirebatur
1093 2657 1120 2704 in
1140 2661 1289 2720 patronum,
1313 2661 1344 2704 ut

236 2724 379 2782 resumtum
387 2725 500 2785 Tigellini
506 2727 665 2775 simultatibus
672 2729 772 2778 dedidit·
811 2737 935 2793 patronus
947 2730 1111 2780 occideretur
1122 2745 1129 2791 3
1149 2736 1177 2780 et
1188 2729 1257 2779 forte
1268 2743 1343 2778 servo

237 2803 285 2850 nu
309 2797 366 2850 fere
388 2800 480 2850 endem
508 2802 644 2852 verborum
668 2805 772 2867 positio,
809 2806 957 2855 seuliberto
968 2814 1130 2870 parceretur,
1143 2804 1342 2854 siconfrteretur

173 2909 177 2917 .
238 2877 322 2942 qualis
343 2878 455 2927 occurrit
472 2884 500 2927 et
515 2876 581 2926 infra
596 2879 712 2930 libavi.
728 2883 770 2929 8⁰.
811 2881 934 2930 adversus
953 2889 1098 2944 patronum,
1108 2881 1130 2930 si
1142 2879 1251 2944 qnaestio
1261 2880 1344 2941 'ligeb
1386 2935 1390 2941 ,
1486 2852 1487 2897 i

238 2953 433 3004 ‘Vetersbrem
450 2953 609 3022 Sedrecem,
628 2952 772 3003 discrimini
810 2957 857 3006 lini
880 2957 946 3006 votis
967 2954 1077 3005 faveret.
1119 2957 1214 3020 Sicque
1243 2956 1344 3004 meliori

238 3029 407 3094 petrisliliam
417 3030 610 3098 connectebat!
633 3029 743 3081 Freiusb.
810 3040 881 3081 sorte
891 3031 943 3082 suit
960 3047 1050 3082 servus
1061 3047 1165 3096 nocens,
1176 3045 1254 3096 quam
1265 3029 1345 3080 domi·

270 3105 374 3169 Propria
391 3106 454 3168 odio]
484 3107 624 3170 Comparat
638 3107 771 3171 utriusque
811 3109 1060 3170 nusculpavacuus.

238 3179 356 3241 exitium,
372 3195 465 3245 nempe
476 3181 545 3230 Siliae
558 3188 585 3231 et
598 3181 723 3244 Numicii,
734 3183 772 3231 ita
843 3189 860 3215 w
877 3185 941 3246 lpse]
956 3184 1077 3233 Libertus
1088 3194 1192 3246 nempe,
1204 3186 1234 3230 ut
1243 3181 1345 3231 servilis

238 3261 269 3304 nt
281 3256 354 3304 Nero
370 3255 475 3319 proprio
495 3271 541 3306 suo
556 3257 617 3306 odio
635 3257 772 3317 insiliam,
811 3259 975 3322 conditionis,
995 3260 1128 3308 tormentis
1144 3259 1275 3307 cruciatus
1286 3271 1346 3307 ene»

239 3329 361 3394 quianon
376 3332 483 3382 siluerat
493 3331 607 3396 foemina,
619 3349 669 3395 quse
680 3334 772 3382 rideret
810 3340 943 3398 cetusque.
977 3336 1045 3395 Nec,
1054 3342 1128 3398 puto,
1146 3334 1220 3383 virus
1236 3322 1345 3383 relictus

235 3407 419 3470 pertuleratque,
441 3423 497 3456 eam
518 3409 597 3458 exilio
619 3409 720 3472 pcllst;
743 3415 772 3458 st
812 3415 862 3472 est,
872 3410 893 3459 si
903 3422 1009 3471 nocens,
1019 3410 1132 3475 libertus,
1144 3409 1205 3457 dum
1219 3415 1344 3472 patronus

239 3493 301 3530 varo
313 3481 460 3534 Numicium
466 3484 587 3547 Tigellini
597 3483 772 3534 simultatibus
812 3485 897 3534 insons
910 3485 1104 3535 interficeretur
1115 3485 1206 3533 eadem
1215 3485 1302 3547 culpa.

239 3558 382 3620 permittet.
413 3555 568 3610 Sicfoemiua
579 3561 638 3610 odio
651 3560 780 3623 Neronis,
845 3560 971 3609 Attamen
985 3561 1091 3610 Tacitus
1109 3559 1220 3623 praecise
1244 3563 1345 3606 tanturn

238 3627 362 3682 Thermus
380 3634 504 3698 Tigellini
523 3635 653 3686 simultate
667 3649 773 3698 perver·
812 3635 897 3684 innuit
915 3633 994 3683 fuisse
1009 3636 1159 3698 cruciatum,
1174 3649 1221 3683 seu
1232 3647 1281 3696 per
1294 3642 1345 3683 tou

243 3708 316 3758 titur.
812 3719 901 3762 menta
936 3713 1124 3775 interrogatum
1155 3710 1296 3759 libertum:
1324 3707 1348 3757 si

272 3792 284 3818 ¹
301 3785 438 3848 Detulerut]
453 3785 495 3834 Au
504 3786 536 3835 ad
545 3787 694 3837 Neronem?
705 3803 736 3836 au
744 3787 772 3836 iu
813 3787 933 3851 quaetio,
948 3788 970 3837 si
989 3786 1116 3837 confessio
1135 3787 1225 3836 liberti
1236 3784 1347 3833 adversa

248 3861 340 3927 vulgus
361 3863 481 3910 tantum?
498 3863 607 3912 Putoad
621 3865 770 3914 Neronem:
812 3867 923 3924 patrono
941 3859 1067 3924 fuerit,et
1077 3873 1123 3924 pro
1134 3860 1199 3910 votis
1214 3859 1347 3922 Tigellini,

238 3949 294 3986 aam
303 3937 429 3986 criminose
443 3939 568 3998 timuerat,
580 3939 690 4002 ideoque
700 3941 772 3989 Nero
812 3935 881 3986 forte
896 3937 952 3986 solo
970 3951 1063 3987 cruore
1073 3943 1100 3984 et
1111 3949 1176 3984 nece
1193 3933 1295 3998 patroni
1307 3947 1345 3981 sa·

239 4013 323 4062 sciens
342 4016 481 4078 volensque
501 4013 648 4064 Numicium
659 4015 773 4076 Tigellini
812 4013 905 4062 tiatnrn
924 4014 1010 4062 odium
1021 4011 1140 4076 Tigellini
1160 4010 1228 4070 iuit3
1246 4016 1283 4072 et,
1297 4022 1346 4071 pro

237 4088 398 4138 simultatibus
406 4090 506 4139 dedidit.
541 4089 583 4138 Sic
601 4089 773 4139 Burrlrunde·
812 4087 976 4138 confessione
1006 4101 1129 4152 propera,
1153 4083 1223 4136 forte
1250 4085 1346 4134 liberte

239 4163 308 4213 latus
329 4171 406 4215 antea
424 4165 494 4228 apud
511 4164 695 4216 dominantem.
727 4167 773 4216 Sic
813 4164 896 4215 uicem
908 4173 936 4216 et
944 4161 1181 4228 veniamrependit.

238 4239 386 4304 etSenece,
404 4242 483 4291 etiam
502 4255 560 4292 cum
576 4240 718 4306 ipugraria
729 4239 774 4292 du·
