2984 4850
133 429 276 495 aues}
487 421 695 478 suasurum
727 427 905 509 numism.
1150 415 1238 482 1777

134 573 227 638 Nam
257 569 519 642 oblectamentis,
533 571 703 654 Principis
731 571 845 655 palam
870 571 1033 656 iniquum,
1058 574 1238 644 detrectare

132 675 204 738 vim
224 671 296 758 ejus
320 691 424 755 equos
438 673 598 755 regentis3
629 671 768 736 illudere
781 679 911 750 voces,4
927 676 1079 756 quotiens
1093 686 1235 746 caneret.

134 775 246 855 Quem
260 775 303 839 ad
318 775 415 838 finem
429 773 510 838 nihil
523 775 555 836 in
578 771 666 855 Rep.
682 774 808 836 clarum
822 773 903 850 sore,
917 775 1008 858 quod
1022 795 1090 840 non
1112 779 1156 843 ab
1178 780 1236 845 illo

132 877 269 960 reperiri
283 876 443 940 credatur.
482 872 579 937 Certe
593 873 720 938 finitam
732 872 877 938 Neronis
892 877 1078 958 pueritiam,
1094 883 1126 942 et
1136 883 1236 946 robur

126 977 279 1062 juventae
291 976 428 1040 adesse:
450 979 586 1039 exueret
595 975 801 1056 magistrum,
813 976 895 1040 satis
906 977 1029 1059 amplis
1042 978 1241 1066 doctoribus,

130 1078 314 1143 instructus
328 1071 508 1160 majoribus
523 1074 616 1139 suis?

175 1179 231 1243 53.
264 1177 312 1240 At
338 1177 468 1240 Seneca
491 1176 729 1240 criminantium
753 1196 819 1242 uon
847 1178 994 1261 ignarus,
1016 1181 1233 1264 prodentibus

129 1280 189 1356 iis,
201 1279 324 1361 quibus
338 1279 451 1360 aliqua
464 1267 593 1343 honesti
605 1298 698 1356 cura,
714 1284 748 1342 et
760 1279 1019 1344 familiaritatem
1039 1282 1113 1366 ejus
1127 1285 1235 1367 magis

130 1384 329 1462 aspernante
343 1376 488 1455 Caesare,
510 1382 641 1461 tempus
665 1380 807 1445 sermoni
831 1385 922 1444 orat:
954 1387 988 1446 et
1010 1389 1165 1466 accepto,
1185 1386 1235 1451 ita

127 1479 271 1563 incipit:
287 1483 305 1526 ·‘
321 1478 622 1557 Quartusdecimus
647 1497 751 1542 annus
772 1483 835 1556 est,
851 1478 979 1558 Caesar,
1001 1501 1046 1545 ex
1070 1504 1138 1568 quo
1158 1488 1234 1570 spei

127 1577 206 1646 tuae¹
228 1580 383 1645 admotus
411 1599 503 1645 sum:
535 1585 686 1658 octavuS,
701 1586 739 1644 ut
753 1580 935 1664 Imperium
948 1583 1093 1650 obtines:
1124 1589 1234 1655 medio

127 1681 290 1764 temporis
304 1686 429 1745 tantum
442 1683 601 1746 honorum
617 1687 716 1764 atque
729 1700 832 1766 opum
855 1684 889 1746 in
912 1702 966 1746 me
990 1685 1176 1765 cumulasti,
1198 1695 1234 1754 nt

125 1782 212 1846 nihil
225 1783 376 1846 felicitati
390 1801 475 1845 meae
490 1781 589 1860 desit,
598 1783 664 1845 nisi
677 1782 862 1846 moderatio
875 1783 960 1865 ejus.
1005 1783 1091 1848 Uter
1103 1788 1234 1868 magnis

125 1883 305 1965 exemplis,
334 1900 396 1945 nec
422 1899 507 1945 meae
536 1880 710 1958 fortunas
738 1881 796 1944 sed
826 1886 905 1946 tuae.
959 1880 1112 1948 abavus*
1142 1891 1234 1966 tuus,

125 1979 331 2064 Augustus?
346 1979 397 2044 M.
414 1979 578 2064 Agrippae
593 1979 811 2064 Mitylenense
825 1986 986 2046 secretum
997 1991 1022 2064 3⁰
1052 1982 1093 2048 G.
1109 1983 1235 2052 Maece·

124 2122 309 2187 voluptatibus
321 2121 432 2172 Caesaris
444 2126 536 2184 aperte
547 2119 683 2182 infensum,
694 2121 843 2172 obtrectare
859 2120 1005 2175 tortitudini
1015 2124 1093 2188 illius,
1103 2140 1162 2176 cum
1173 2143 1235 2194 qua·

125 2187 210 2251 drigis
229 2187 371 2248 insisteret,
389 2193 417 2236 et
432 2185 542 2236 irridere
561 2199 651 2234 vocem
669 2185 781 2247 Neronia,
799 2187 901 2250 quoties
921 2196 1048 2239 cantaret.
1081 2192 1139 2242 Quo
1150 2207 1232 2257 usqne

124 2250 236 2301 taudem
256 2251 318 2299 nibil
337 2251 364 2298 in
383 2249 612 2313 imperioiusigne
628 2247 695 2311 fore,
713 2250 782 2314 quod
793 2265 845 2299 non
866 2251 899 2299 ab
917 2251 962 2301 ille
981 2253 1092 2302 inveniri
1108 2259 1233 2318 putetur?

125 2315 209 2366 Certe
222 2315 333 2376 pueritia
345 2327 478 2376 egressum
490 2313 643 2376 principem,
659 2319 687 2361 et
703 2313 760 2377 jam
771 2312 862 2363 florem
874 2315 960 2365 utatis
972 2317 1107 2380 attigisse:
1131 2330 1233 2370 amove-

122 2385 170 2430 ret
180 2379 222 2429 ute
234 2383 371 2439 rectorem,
383 2377 445 2427 satis
456 2377 557 2426 eximiis
568 2376 697 2439 magistris
708 2377 835 2440 eruditus,
846 2379 901 2427 avis
912 2379 973 2431 suis.

158 2444 196 2493 As
207 2443 297 2494 &recu
312 2443 376 2491 haud
393 2443 482 2507 luscius
499 2442 666 2505 nemmem,
685 2441 749 2490 talia
766 2442 925 2505 aperientibus
941 2444 1176 2509 murumque
1191 2446 1233 2508 iis,

123 2508 212 2571 quibas
220 2507 316 2569 aliquod
325 2506 430 2555 studium
440 2505 579 2566 honestatis,
590 2509 614 2554 et
623 2506 811 2554 consuedinem
825 2506 876 2565 eius
894 2508 973 2567 magis
988 2508 1065 2557 indies
1074 2514 1235 2561 cortanseris

120 2571 244 2634 principe,
256 2576 347 2635 tempus
357 2572 468 2631 mttoquto
477 2570 580 2632 postulat
589 2586 600 2627 ,-
621 2584 665 2631 pso
673 2570 738 2631 doto,
746 2569 782 2617 tic
792 2570 900 2618 oratur:
925 2572 1127 2621 Quatuordecim
1139 2573 1233 2625 abhinc

125 2649 220 2696 annos,
231 2634 363 2697 princeps,
379 2634 496 2698 juventae
508 2640 561 2681 tuae
573 2632 693 2694 regenda
705 2632 821 2692 accessi;
846 2639 907 2682 octo
917 2640 981 2697 utut,
998 2650 1031 2684 ex
1059 2635 1135 2685 uibus
1147 2652 1233 2688 rerum

124 2698 221 2760 potiris
233 2714 241 2758 ;
265 2705 320 2747 toto
332 2698 376 2745 illo
388 2712 399 2745 s
420 2698 471 2746 atio
483 2696 608 2759 temporis
628 2702 727 2745 tantum
746 2695 900 2759 dignitatum
912 2713 1042 2762 opumque
1053 2714 1079 2748 m
1090 2714 1133 2749 me
1144 2710 1234 2751 contu·

123 2762 191 2825 listi,
203 2770 233 2810 ut
244 2762 307 2810 nihil
316 2761 386 2809 desit
396 2713 508 2809 hrtunae
519 2774 594 2821 meae,
604 2760 653 2808 uisi
664 2760 807 2809 moderatio
818 2761 893 2811 illius.
926 2760 1042 2812 Aderam
1059 2764 1169 2827 insignia
1188 2781 1233 2815 ex·

124 2827 223 2890 erupta,
234 2840 286 2874 nec
295 2825 357 2885 mei,
376 2824 422 2873 sed
442 2824 480 2873 tui
496 2822 603 2887 fastigii.
634 2822 735 2873 Aturus
754 2831 813 2873 tuns
823 2823 954 2888 Augustus
966 2828 1094 2877 concessit
1103 2842 1233 2879 recemum
1257 2844 1259 2850 ’

123 2891 331 2956 Mityleuemem
343 2888 382 2939 Μ.
393 2886 531 2953 Agrippa,
542 2888 611 2938 etc.
623 2887 764 2937 Maecenati
784 2887 810 2937 in
830 2888 888 2952 ipsa
905 2890 1024 2954 civitate,
1040 2892 1116 2957 quasi
1133 2894 1233 2957 longia

593 3008 754 3029 emueoou
757 3010 771 3029 θ

157 3101 174 3147 t
192 3096 300 3161 Lipsius
309 3098 409 3159 mallet,
420 3112 505 3147 vocem.

159 3166 174 3211 1
193 3162 339 3225 Perpetem
350 3162 376 3211 iu
387 3164 451 3211 Mss.
463 3167 492 3211 et
503 3160 634 3211 veteribus
645 3161 812 3223 editionibus,
830 3166 921 3211 atucue.
954 3161 1059 3212 Abavm
1070 3162 1139 3215 enim
1150 3165 1234 3217 Nero·

122 3225 167 3275 nis
185 3226 332 3289 Augustus,
343 3232 372 3275 ut
385 3230 458 3288 patet
470 3226 593 3275 exstem.
604 3226 671 3278 Caes.
691 3240 717 3274 n.
728 3231 769 3276 tt.
786 3234 814 3275 ct
824 3230 877 3275 t&-
898 3226 1010 3291 Ipseque
1020 3227 1128 3278 Tacitus
1140 3229 1233 3283 Aunel.

123 3294 246 3339 nuti.
280 3288 426 3353 Augustum
437 3290 807 3354 Neronisabavumappellat.
832 3291 941 3341 Bmtier.
982 3290 1127 3343 Gronovius
1136 3295 1234 3347 retinet

628 3394 735 3445 NouAE

158 3487 166 3522 ¹
181 3487 241 3551 Spei
251 3488 311 3551 tuoe]
340 3490 424 3541 Quam
435 3490 548 3540 habebas
560 3490 616 3553 ipse
628 3490 661 3539 de
700 3491 817 3554 Seneca3
834 3507 928 3558 nempe
936 3494 1066 3545 Maecenas
1077 3495 1234 3562 etAgrippa

120 3570 164 3627 te,
180 3570 210 3614 et
227 3579 304 3629 qnam
323 3566 356 3615 de
375 3572 402 3615 te
420 3566 554 3629 praebebas
565 3566 661 3628 amicis,
701 3567 817 3629 ejusdem
830 3568 907 3617 sortis
918 3583 950 3617 ao
961 3569 1060 3619 Seneca
1070 3570 1088 3620 l.
1100 3584 1120 3621 r.
1130 3576 1156 3621 a.
1171 3574 1179 3599 ‘
1192 3576 1232 3625 M.

121 3640 293 3705 propinquis,
304 3647 332 3689 et
339 3642 510 3709 Reipublicae.
701 3639 846 3706 Agrippam
856 3643 996 3706 ignobilem
1007 3646 1074 3707 loco,
1084 3646 1177 3697 bonurn
1188 3648 1235 3698 mi·

159 3715 220 3778 Spei
228 3714 289 3777 tua]
305 3714 586 3780 Spei,uempeimperii
597 3731 661 3779 prae·
702 3716 760 3766 litia
781 3725 808 3767 et
831 3719 947 3769 victoriae
967 3723 1073 3787 socium,
1096 3725 1235 3787 geminatis

122 3790 191 3841 cite.
225 3790 270 3841 Sic
288 3792 308 3840 l.
319 3804 370 3841 ιιι.
386 3797 410 3843 8.
427 3794 534 3856 ‘thue
552 3792 662 3841 Domitii
701 3793 877 3843 consulatibus
888 3796 1001 3844 extulit.'

119 3854 241 3930 pueritia
253 3867 299 3915 tali
318 3868 439 3931 magistro
453 3867 624 3931 adolesceret,
634 3875 662 3918 et
734 3876 747 3901 ¹¹
762 3869 859 3919 Abusus
870 3876 935 3934 taus,
943 3874 1077 3938 Augustas]
1086 3877 1171 3941 Vulgo
1181 3882 1234 3927 ute·

121 3940 241 3997 consiliis
253 3940 368 4004 ejusdem
382 3944 499 4006 adspem
511 3944 663 3995 dominatio·
702 3960 744 3995 nur
751 3962 762 4004 ,·
780 3947 857 3994 immo
867 3947 961 3997 moue.
995 3950 1104 4013 Lipsius.

120 4014 315 4065 minotaretur?
733 4021 838 4085 Aturus]
869 4024 949 4073 Forte
963 4024 1057 4075 ubam
1090 4025 1132 4074 Sic
1142 4031 1171 4074 et
1180 4022 1232 4072 Dio

159 4096 179 4123 ¹¹
195 4091 249 4139 Nec
264 4091 451 4154 meesortuuoe]
483 4092 607 4143 Attamen
626 4092 662 4141 af·
701 4096 746 4146 tib.
760 4110 813 4146 ω.
829 4098 996 4163 ‘Agrippina
1006 4099 1155 4150 Germanici
1169 4097 1233 4161 tilia,

119 4167 182 4218 fert
200 4168 277 4218 simul
296 4170 414 4233 exempla
430 4171 563 4235 utriusque
580 4170 662 4220 furtu·
701 4172 827 4238 Agrippae
836 4176 932 4237 neptis,
942 4173 1052 4239 Augusti
1069 4173 1200 4237 abneptis,
1215 4188 1234 4223 a

120 4258 180 4300 nse.
212 4243 267 4293 Sed
285 4244 313 4293 id
331 4244 422 4295 honori
438 4246 561 4311 principis
572 4248 664 4297 tribuit
701 4247 756 4299 filio
766 4263 813 4301 suo
829 4249 872 4319 cui
881 4262 990 4313 regnum
1004 4247 1144 4310 detulerat,
1153 4248 1233 4300 iuter·

211 4323 487 4388 metamaucus.
586 4356 588 4359 ·
643 4329 721 4381 Tacit.
1098 4330 1152 4381 ‘U
