2984 4850
205 350 292 415 2054
557 362 589 409 c.
614 359 797 409 oonnnmr
821 356 951 407 onorat
1142 362 1303 428 [suom

205 505 333 573 lemn:
367 522 407 567 ec
428 504 569 567 fumasse
589 503 799 579 laetabantur,
812 521 874 585 per
887 500 1063 565 incuriam⁸
1073 500 1090 538 ά
1101 501 1228 583 publici
1243 502 1306 565 tla-

209 607 293 689 gitii.

123 690 125 697 ’
250 710 284 769 5.
306 705 374 769 Sed
399 706 455 788 qui
470 705 616 768 remotis‘
630 724 648 767 e
662 702 865 785 municipiis
895 722 1107 784 severamque
1135 698 1254 767 adhuo‘
1272 708 1307 767 et

208 811 332 892 antiqui
347 810 449 872 moris
471 810 644 871 retinentes
667 808 825 885 Italiam,¹
850 808 984 889 quique,
1005 825 1064 888 per
1084 806 1213 885 longas²
1226 824 1306 886 pro·

207 910 510 985 vinciaS‚lasoiviae
533 909 720 991 inexperti,³
744 907 856 972 officio
875 908 1073 989 legationum
1095 909 1154 969 aut
1174 906 1307 987 privata

207 1011 361 1089 utilitato,
380 1011 589 1087 advenerant,
605 1030 710 1093 neque
736 1014 910 1091 aspectum
930 1008 1023 1071 illum
1037 1008 1189 1083 tolerare,
1201 1026 1307 1089 neque

207 1113 314 1177 labori
329 1110 502 1176 inhonesto
519 1112 683 1175 sufficere:
708 1130 783 1173 cnm
792 1110 943 1172 manibus
957 1109 1094 1171 nesciisg
1109 1107 1306 1184 fatiscerent,

208 1260 322 1309 meditato
333 1278 423 1311 canore.
459 1263 621 1313 Existimares
634 1263 737 1325 gaudere
749 1263 822 1321 illos;
839 1275 867 1308 ao
879 1256 947 1317 sorte
955 1256 1098 1319 gaudebant,
1109 1255 1183 1304 multi
1192 1270 1236 1319 per
1246 1255 1311 1303 ineu·

208 1325 270 1373 riam
278 1326 500 1387 pullulamenta.
1091 1370 1095 1375 .

241 1388 289 1436 Sed
308 1392 349 1452 qui
367 1406 380 1438 e
397 1392 532 1453 longinquis
549 1391 649 1453 oppidis,
663 1389 776 1451 grauique
786 1388 863 1436 adhue
878 1390 902 1434 et
917 1386 1089 1448 priscosmores
1099 1385 1215 1431 retinente
1228 1383 1312 1443 ltalia,

208 1452 292 1513 quiquo
302 1468 344 1513 per
354 1460 443 1502 amotas
451 1456 583 1515 prouincias
591 1454 727 1516 petulantior
737 1452 870 1500 theatralis
880 1449 996 1511 imperiti,
1002 1463 1046 1511 per
1053 1462 1150 1496 munem
1166 1448 1311 1508 legationum

210 1519 253 1563 aut
262 1518 364 1576 privatis
374 1520 403 1565 de
411 1520 478 1565 retus
489 1519 515 1566 in
527 1518 625 1566 Urbem
639 1522 759 1576 uenerant,
769 1530 843 1577 neque
858 1514 1014 1575 spemaculant
1030 1512 1089 1560 illud
1103 1511 1224 1573 ferebant,
1237 1524 1311 1573 neque

210 1592 286 1639 operar
304 1581 368 1643 turpi
378 1582 438 1629 satis
448 1596 473 1629 se
490 1580 692 1629 accommodabant
698 1596 707 1636 ,·
731 1596 783 1628 oron
793 1578 901 1627 manibus
916 1576 1046 1639 inexpertis
1056 1574 1229 1638 fatigarentur,
1240 1582 1265 1625 et
1275 1575 1313 1623 in·

212 1786 340 1848 teolanus,
359 1786 436 1835 ontis
452 1802 499 1849 pro
523 1788 603 1837 Urbis.
629 1788 792 1837 Brauon-8
818 1786 933 1847 Iniuriam
954 1784 1035 1834 lectio
1053 1790 1093 1832 est
1111 1782 1222 1831 omniurn
1244 1782 1313 1831 Edd.

213 1849 335 1897 laturiam
346 1865 484 1899 correxere
496 1852 629 1902 Acidaliae
641 1860 668 1903 et
676 1852 851 1901 Boxhornins:
869 1851 946 1913 idque
957 1850 1039 1898 cuivis
1050 1850 1074 1896 in
1086 1855 1200 1896 mentem
1211 1848 1312 1895 veniat:

214 1913 284 1975 qnod
305 1922 345 1961 est
367 1915 505 1964 evidentiae
529 1917 639 1979 signnm.
673 1916 750 1965 Unde
773 1916 889 1977 recipere
912 1928 962 1963 non
984 1913 1110 1961 dubitaui.
1137 1913 1235 1959 Erneat.
1267 1911 1314 1959 Se·

213 1983 327 2039 quantur
340 1979 404 2027 hall.
414 1988 441 2027 et
451 1981 510 2041 Bip.
545 1983 644 2042 Sequor
656 1987 749 2041 elego.
782 1979 880 2027 Contra
891 1977 1027 2026 Broterius
1039 1978 1109 2038 vulg.
1122 1982 1313 2035 senonensem

211 2040 309 2089 Hoetio
329 2042 366 2089 ita
385 2045 507 2104 exponit:
534 2045 585 2091 etsi
597 2043 646 2092 sibi
659 2044 755 2105 injuria
765 2057 813 2105 per
827 2043 958 2104 publicum
977 2042 1027 2089 hoc
1047 2038 1176 2103 flagitium
1186 2038 1274 2098 tieret,
1284 2043 1314 2087 et

209 2105 781 2219 ttttt.tt.ttdttttttttttttt.
798 2104 1076 2218 tlilmoitirlfflstl
1091 2119 1135 2168 ¹'‘'
1155 2118 1239 2151 ⁰⁸⁰⁸ae
1260 2101 1313 2151 '¹¹¹¹

245 2234 259 2279 l
278 2204 321 2279 I'ta
332 2234 397 2281 Mas.
409 2240 436 2281 et
443 2244 545 2284 veteres
555 2236 690 2284 editiones.
724 2234 757 2282 In
768 2184 819 2281 ulto
830 2235 882 2281 Mo.
892 2232 955 2294 Agr.
966 2244 1090 2291 amenaque
1100 2235 1125 2279 et
1135 2231 1211 2279 adbuc
1220 2227 1314 2290 antiqui

213 2295 285 2343 moria
296 2297 411 2346 retinente
428 2298 513 2361 ltalia,
524 2299 592 2363 quotl
604 2298 803 2357 Freinshemius,
820 2297 915 2345 deinde
935 2296 1025 2354 ceteri,
1034 2294 1149 2343 edidere.
1184 2292 1255 2343 Nihil
1266 2306 1314 2354 ege

211 2361 366 2408 mutaverim
389 2362 415 2409 in
438 2368 511 2412 tanto
531 2363 651 2413 librorum
666 2376 807 2411 ‘consensu
842 2360 924 2409 Immo
945 2361 997 2407 Ms.
1014 2358 1079 2421 Agr.
1098 2374 1114 2407 a
1127 2358 1215 2407 Taciti
1236 2371 1313 2405 sensu

214 2425 311 2473 alienus
328 2426 387 2474 milti
400 2426 511 2477 videtur.
547 2428 637 2477 Omnis
649 2429 716 2477 enim
736 2427 814 2475 ltalia
832 2432 894 2474 tunc
915 2440 966 2473 non
984 2431 1042 2473 erat
1061 2438 1151 2472 severa
1169 2430 1197 2471 et
1215 2421 1316 2486 antiqui

213 2489 291 2536 moris
303 2490 426 2552 retinens,
443 2494 487 2541 sed
499 2500 599 2542 remota
617 2498 716 2541 tanturn
727 2492 760 2539 ab
771 2490 842 2539 Urbe
859 2488 1014 2552 municipia:
1033 2487 1112 2537 Urbis
1124 2487 1248 2550 proxima,
1258 2487 1315 2549 ejus

213 2551 325 2601 lasciviae
338 2561 460 2604 contactu
472 2562 548 2606 erant
564 2556 669 2606 foedata.
702 2556 799 2603 ltaliam
810 2560 896 2602 autem
913 2553 955 2602 hic
972 2559 1081 2616 usurpat
1095 2552 1212 2610 Tacitus,
1226 2557 1256 2598 ut
1268 2551 1315 2599 Fe·

214 2616 310 2664 rentini
321 2631 480 2678 usurpavere
489 2621 514 2668 in
526 2621 630 2683 egregia
639 2619 825 2683 hospitalitatis
837 2624 944 2677 tessera,
954 2631 1004 2680 qua
1021 2615 1187 2680 municipium
1203 2629 1277 2663 suum
1288 2615 1315 2661 in

213 2679 350 2741 Pomponii
383 2683 454 2730 Bassi
478 2685 625 2733 clientelam
655 2683 736 2745 recipi
763 2689 866 2746 rogant,
890 2681 1102 2745 gratulemurque
1123 2680 1248 2743 Trojano,
1269 2677 1316 2741 qni

212 2755 406 2792 amoeniam.
423 2759 542 2795 rumina
559 2760 635 2796 sune.
652 2760 813 2796 rnosenxrr.
840 2748 977 2794 Tesseram
986 2746 1113 2808 integram
1123 2744 1182 2792 vide
1193 2743 1264 2806 apud
1276 2742 1315 2792 cl.

214 2806 289 2865 Gari,
301 2808 414 2870 inscript.
423 2810 507 2872 Antiq.
518 2811 567 2859 vol.
578 2825 598 2859 1.
613 2827 639 2873 p.
650 2815 691 2859 65.
708 2811 852 2872 Ferentini,
866 2812 933 2859 nude
947 2811 1041 2871 Frenti,
1051 2808 1174 2872 oppidum
1193 2807 1314 2856 Etruriae.

216 2869 320 2920 Brotier.
354 2871 501 2922 Gronovius
510 2879 536 2921 et
547 2875 660 2937 Ryekius
669 2889 793 2936 reumaque
805 2880 828 2923 et
838 2876 913 2923 adhuc
921 2874 1037 2922 retinente
1047 2874 1179 2921 halim-2
1195 2873 1240 2920 lta
1248 2872 1315 2920 bist.

214 2941 318 2984 veteres
330 2937 458 2986 editiones
470 2946 497 2987 et
509 2940 674 2987 recentiores.
708 2938 825 2986 Pichena
834 2953 867 2985 ex
884 2938 993 3000 ancipiti
1005 2937 1135 2999 scriptura
1146 2937 1197 2984 Ms.
1209 2936 1278 2984 Flor.
1289 2934 1316 2982 in

214 3013 264 3062 qno
283 3001 391 3062 longum,
403 3003 485 3051 edidit
506 3003 650 3064 longinquas.
684 3000 815 3062 Arangae
833 3016 880 3064 pro
895 3003 1038 3069 longinguos
1056 2999 1175 3062 usurpari
1188 3004 1262 3061 patet
1281 3013 1314 3046 ex

213 3063 277 3112 Silio
294 3065 397 3126 Italico,
410 3079 448 3115 vt.
459 3070 516 3115 628.
551 3067 604 3116 ‘Et
614 3079 731 3122 remeans
749 3066 832 3129 longis
852 3065 912 3115 olim
928 3064 1078 3128 Tirynthius
1090 3063 1158 3114 oris!
1174 3063 1315 3112 Brutia.-

213 3131 228 3175 3
245 3129 359 3178 Budens.
367 3131 487 3179 taminiam
497 3131 598 3194 amerii.

708 3239 819 3291 NOTAE

245 3329 323 3381 ‘Per
333 3334 461 3398 incuriam]
476 3337 562 3399 Vulgo
572 3337 683 3398 injuriam
690 3353 700 3396 ,·
716 3343 745 3388 et
785 3336 865 3386 tabat.
897 3336 999 3399 Antiqui
1018 3335 1091 3385 moris
1106 3336 1224 3385 eminente
1242 3333 1316 3383 ltalia

212 3414 285 3456 recte
303 3423 348 3472 per
369 3411 487 3461 incuriam
501 3413 606 3477 flagitii.
650 3415 684 3464 Et
706 3414 743 3464 sio
784 3419 825 3461 est
842 3412 920 3461 lectio
934 3413 1004 3462 noo.
1023 3411 1316 3475 Agricolae,qnamom-

212 3484 400 3533 restituendum
414 3496 485 3549 puto.
784 3487 844 3542 qino
865 3486 1042 3551 recipiendam
1067 3485 1224 3550 putavimus,
1246 3479 1316 3546 quod

246 3563 257 3588 ⁰
275 3558 392 3622 Remotio]
418 3560 473 3609 Hos
481 3564 590 3626 opponit
601 3563 743 3626 plebeenlae
782 3561 878 3612 inesset
889 3563 980 3626 genius
991 3562 1113 3624 auctoris,
1126 3575 1202 3624 qoem
1211 3558 1317 3620 uulgata

214 3631 331 3696 urhanae,
341 3649 398 3698 quae
411 3636 481 3685 luxui
493 3645 520 3687 et
532 3639 633 3687 theatro
645 3638 744 3701 dedita,
783 3652 835 3687 uon
849 3638 927 3701 sapit.

214 3709 280 3758 tales
289 3711 392 3772 plausus
403 3711 482 3760 edere
494 3714 593 3776 pridem
605 3714 742 3764 didicerat.
815 3714 858 3763 Sic
873 3715 1015 3762 retinentem
1029 3712 1161 3772 modestia,
1175 3707 1316 3767 nobilitatis,

214 3785 275 3835 Non
287 3787 350 3836 item
362 3788 453 3836 remoti
463 3789 560 3851 populi,
570 3790 613 3853 qui
626 3790 684 3838 talis
696 3790 744 3840 las·
782 3789 919 3849 moditor-ia
939 3788 1000 3837 alibi
1021 3789 1071 3837 boc
1088 3789 1115 3836 in
1135 3792 1260 3845 anctore;
1287 3789 1315 3831 at

213 3860 289 3910 civite
299 3863 436 3925 inexperti,
449 3865 565 3926 plausum
578 3872 743 3915 concentum·
782 3865 893 3922 retinere.
911 3880 959 3928 pro
978 3865 1095 3925 nabitare,
1112 3875 1247 3924 autquarta,
1260 3858 1317 3922 opl-

215 3940 710 4004 qoeillumturb·1hant,nonjurabant.
783 3955 840 4003 nor,
860 3941 986 4004 reperias.
1014 3939 1198 3989 Freinalemim.
1241 3933 1314 3984 Olim

158 4049 161 4052 -
247 4013 426 4080 fSeveraroque
442 4015 529 4078 adhue]
559 4016 616 4065 Hoc
638 4025 689 4079 est,
711 4031 743 4066 eu
783 4031 896 4079 waeran,
906 4016 952 4065 sed
964 4017 1169 4077 mariannam.

215 4094 462 4160 parteltaliae,quae
481 4099 604 4158 quantum
621 4092 654 4141 ab
671 4092 745 4156 urbe,
818 4092 952 4155 sNesciia]
985 4092 1051 4141 Cum
1072 4090 1144 4140 emto
1164 4086 1249 4146 modis,
1268 4097 1315 4132 ⁸0¹¹

216 4169 378 4218 tantumdem
390 4168 518 4220 alasciviu
533 4165 746 4231 luxuriaqnedis·
784 4182 834 4232 per
853 4173 937 4218 artem
955 4165 1079 4231 plaudere
1099 4161 1217 4214 manibus
1231 4156 1315 4210 nesci·
