2984 4850
249 406 337 472 21⁰8
605 424 639 472 c.
661 419 843 473 connecti
866 410 994 469 arctat
1189 421 1349 489 [numae

249 580 403 659 solarem,
417 580 453 645 in
467 580 574 647 votis·
587 580 813 658 Sacerdotem,
833 580 867 643 in
882 578 1110 664 jurejurandob
1125 580 1252 645 civem:
1275 580 1353 659 nisi,

252 689 383 746 coutra³
395 683 557 747 instituere
567 687 600 746 et
610 682 817 746 caerimonias
830 681 1006 763 majoram,
1021 681 1224 764 proditorem
1238 682 1353 764 palam

253 789 286 847 et
307 783 433 848 hostem
447 784 597 850 Thrasea
622 782 792 847 induisset.
838 782 991 864 Denique
1003 789 1133 864 ageret⁴
1147 771 1354 859 Senatorem,
1423 770 1427 773 ⁴

252 890 285 947 et
299 883 466 969 Principia
481 885 735 950 obtrectatoresd
749 890 933 967 protegere⁵
948 884 1076 960 solitus,
1087 885 1223 959 ueniret,
1239 902 1356 946 cense-

252 991 312 1063 ret,
328 986 409 1069 quid
434 988 553 1069 corrigi
569 992 628 1051 aut
649 989 770 1050 mutari
785 986 899 1050 vellet:
922 985 1053 1049 facilius
1079 985 1264 1066 perlaturos
1287 986 1355 1047 sin·

253 1216 353 1279 rem,in
362 1218 427 1267 rctls
439 1218 610 1281 sacerdotem,
617 1217 643 1267 iu
651 1217 823 1281 jurejurando
830 1222 974 1266 senatorem
984 1231 991 1263 z
1009 1214 1069 1274 nisi,
1078 1218 1171 1262 contra
1180 1214 1253 1275 leges
1262 1220 1292 1261 et
1300 1212 1360 1259 reli·

256 1281 344 1343 mones
362 1283 597 1345 a'rorurn,'l'hrasea
616 1282 775 1345 perduellem
793 1296 820 1330 ae
838 1288 929 1344 aperte
946 1280 1097 1342 hostemque
1112 1292 1162 1327 erse
1179 1276 1359 1339 profiteretur.

256 1344 402 1409 Postremo,
412 1347 455 1410 qui
466 1347 591 1395 senatoris
602 1352 691 1410 partes
702 1347 831 1394 sustinere
840 1345 938 1404 solebat,
948 1346 988 1406 qui
999 1342 1032 1391 de
1044 1341 1161 1405 principe
1172 1342 1241 1389 nrale
1251 1341 1360 1402 opinan-

256 1412 296 1457 tes
305 1410 372 1459 tueri
379 1415 558 1473 consueverat,
567 1410 668 1458 veniret
679 1410 704 1457 ia
713 1414 829 1471 masa,
838 1405 969 1472 proferret
977 1406 1039 1471 quid
1049 1405 1191 1468 emendari,
1198 1406 1254 1467 qaid
1263 1404 1359 1453 inverti

716 1566 803 1585 uun
807 1564 894 1585 nun

228 1692 232 1697 ·
255 1675 303 1721 -48
319 1672 373 1721 Pro
397 1678 480 1723 costra
501 1688 611 1736 posuere
628 1672 736 1735 Bipont.
757 1677 963 1722 mnm.-t
979 1671 1094 1733 Vulgata
1113 1669 1192 1719 lectio
1212 1675 1255 1717 est
1274 1680 1360 1730 agere.-

256 1750 332 1798 quam
343 1746 446 1785 servant
458 1738 574 1813 pruriet.
586 1744 614 1785 et
624 1750 712 1785 omues
723 1737 790 1785 Edd.
805 1736 871 1812 Cod.
884 1736 945 1799 Agr.
955 1740 1045 1797 ageret
1078 1734 1200 1811 ligregie.
1235 1732 1362 1807 Namdis

256 1798 350 1850 absens
361 1803 427 1851 male
439 1801 571 1851 diceretur
584 1815 655 1865 agere
672 1800 808 1851 marera
821 1803 911 1851 sabim,
944 1800 1030 1849 Recte
1043 1805 1136 1863 potrus,
1151 1801 1243 1860 ageret,
1260 1801 1363 1855 murat,

495 1908 505 1935 b

757 1993 863 2046 ’ΝΟΜ

256 2146 360 2207 veniat;
383 2152 444 2196 rota
455 2162 506 2197 uon
515 2130 659 2211 suscipiam
681 2148 706 2198 in
727 2155 788 2199 acta
828 2150 945 2214 itemque
956 2147 1088 2210 publicam
1100 2146 1236 2197 florentem
1252 2153 1280 2195 et
1293 2144 1364 2193 inco·

258 2222 395 2285 conjuret.
429 2223 492 2273 Quae
505 2224 590 2272 omnia
601 2224 732 2287 negligere
742 2225 788 2272 bo·
828 2224 922 2274 lumem
957 2239 989 2273 ea
1024 2222 1186 2287 benignitate
1218 2225 1366 2281 servarent,

257 2297 351 2346 minem
363 2296 406 2362 qui
417 2304 529 2359 senator,
545 2299 589 2363 qui
603 2299 733 2361 sacerdos,
743 2299 787 2362 qui
831 2315 907 2366 quam
919 2315 997 2363 super
1013 2314 1120 2364 magnas
1130 2298 1309 2363 plurimaeque
1320 2294 1368 2344 vir·

258 2372 711 2440 civbaignonesaenisiproditoris.
730 2375 788 2426 Fre·
828 2382 907 2438 tutes,
924 2376 1056 2439 praecipua
1073 2376 1222 2437 mortitam,
1240 2370 1365 2436 consequi

257 2447 320 2498 isal.
830 2454 947 2503 Deorum
957 2448 1200 2500 bonoremeruiati.’

292 2523 323 2572 la
333 2523 433 2587 Serota]
461 2524 493 2574 ld
508 2525 564 2589 jam
577 2525 636 2575 olim
646 2525 732 2591 questi
741 2525 791 2575 rub
862 2525 1068 2590 lJarejarardo]
1110 2525 1214 2587 Nempe
1239 2521 1367 2572 Kalendis

260 2597 363 2648 Coesare
383 2601 531 2664 Dictatore,
549 2601 605 2664 pari
624 2617 708 2651 carisa.
734 2601 791 2651 Sal·
831 2605 891 2656 Jan.
920 2619 979 2654 cum
1006 2603 1184 2670 praeeuutibus
1209 2600 1367 2660 consulibus,

260 2673 321 2722 lust.
330 2685 361 2722 11.
374 2673 407 2722 ad
419 2675 487 2725 Caes.
508 2676 596 2725 ‘Nam
608 2675 664 2726 fere
677 2679 716 2726 bis
727 2684 792 2727 tem·
827 2682 950 2745 jurarent
961 2686 1049 2743 patres
1061 2680 1088 2729 iu
1102 2685 1162 2729 acta
1178 2678 1295 2742 priorum
1310 2677 1366 2726 Cre·

260 2747 418 2812 pestatibua,
436 2749 480 2798 alii
494 2751 599 2812 judiciis
617 2751 737 2814 publicis,
749 2753 793 2800 alii
832 2771 927 2806 aarum.
950 2757 987 2804 Ut
997 2770 1091 2819 nempe
1110 2761 1169 2804 rata
1187 2754 1366 2804 eababerent.

260 2822 367 2887 privatis
389 2823 440 2872 suis
455 2832 534 2888 atque
552 2825 692 2875 amicorum
703 2839 794 2890 ‚nego-
833 2827 838 2832 ’
864 2831 1062 2894 lajareimarrdo]
1074 2829 1263 2882 Qnia'lbraaea
1273 2828 1367 2877 inacta

261 2899 304 2948 tiis
314 2898 450 2962 implicati,
470 2900 792 2973 baudsanelleipubmcu·
832 2905 896 2953 Diri
915 2903 1026 2968 Augusti
1048 2910 1076 2954 et
1093 2904 1154 2952 Diri
1172 2903 1246 2963 Julii,
1263 2916 1310 2951 seu
1323 2915 1368 2964 po·

261 2974 323 3024 siliis
353 2973 501 3037 affuerunt3
530 2991 614 3042 neque
641 2992 687 3026 eos
711 2978 793 3040 magis
832 2980 1046 3034 tiuasimuletiu
1063 2986 1121 3030 acta
1139 2976 1263 3040 Neronis,
1276 2978 1365 3042 jurare

262 3050 408 3114 occupatio,
436 3066 512 3116 quarn
545 3052 664 3115 superba
685 3052 794 3116 imperia
833 3055 936 3107 noluitr

262 3126 412 3176 distiunere.
427 3127 551 3177 Homines
559 3129 656 3178 nobiles
664 3143 721 3178 eum
732 3143 794 3192 pau·
820 3179 830 3185 ,
866 3133 984 3180 ‘Castra
999 3128 1123 3192 imitata]
1154 3127 1257 3178 Debuit
1274 3126 1366 3176 adesse

263 3203 301 3252 cis
320 3203 465 3264 senatorils,
476 3217 539 3268 quoa
552 3204 729 3254 additamenta
740 3202 794 3253 fac·
833 3207 860 3255 in
872 3214 964 3256 renato
974 3205 1097 3268 Thrasea,
1115 3210 1143 3254 et
1154 3205 1246 3268 jurare
1263 3203 1291 3250 in
1308 3209 1367 3250 acta

262 3277 339 3326 tionis
348 3277 454 3340 babent,
471 3293 637 3344 quaeeumque
648 3279 725 3328 libuit
736 3293 794 3342 pro·
835 3282 966 3345 principis,
976 3282 1037 3346 quia
1047 3286 1161 3331 senator·
1170 3288 1198 3329 et
1220 3279 1366 3334 omaro:

262 3352 335 3414 bare,
355 3353 554 3417 reprehendere,
583 3354 732 3417 decernere,
756 3369 797 3419 ea,
836 3357 939 3420 templis
959 3372 990 3407 ac
1011 3357 1088 3419 votis,
1109 3355 1171 3420 quia
1192 3355 1308 3415 tuendos,
1327 3356 1367 3416 qe.

264 3431 302 3478 uti
314 3429 394 3480 libido
405 3432 476 3492 tulit,
487 3429 591 3481 facere?
835 3433 885 3482 nisi
909 3433 996 3495 palam
1023 3431 1183 3495 proditorem
1211 3435 1240 3477 et
1266 3429 1367 3477 bostem

250 3522 253 3531 ·
296 3511 308 3537 ⁸
326 3504 436 3568 leode]
454 3509 518 3559 Quae
531 3521 579 3570 pro
596 3508 688 3580 salute¹
699 3506 796 3569 princi·
820 3508 948 3572 'Reipub
970 3522 1001 3556 ac
1020 3505 1176 3556 dominantis
1192 3503 1368 3567 profiteretur.

153 3603 155 3613 r
248 3580 304 3643 'pis
320 3581 535 3644 nuncupabantur
548 3584 685 3646 quotannis
696 3583 796 3633 solenni
868 3583 1087 3648 ‘Obtrectutoud
1112 3581 1144 3630 ld
1166 3581 1233 3630 dicit
1260 3587 1368 3642 propter

265 3663 292 3706 et
303 3656 436 3718 statadie;
452 3673 555 3722 nempe,
565 3659 691 3709 Kalendis
701 3659 763 3711 Jan.
837 3658 977 3709 Antistium
998 3671 1092 3721 supro:
1110 3656 1183 3704 ‘Die
1203 3670 1254 3719 quo
1272 3661 1367 3717 praetor

231 3742 236 3750 ’
297 3733 328 3781 In
337 3731 408 3804 omis]
426 3733 491 3784 Qum
501 3742 562 3783 vota
572 3744 600 3784 et
617 3737 643 3783 iu
655 3734 796 3797 provinciis
835 3733 1011 3793 Antistiua,0b
1021 3732 1117 3795 probra
1126 3731 1151 3778 in
1161 3731 1294 3779 Neronem
1300 3743 1367 3778 com·

266 3817 293 3859 et
304 3809 460 3859 exercitibus
467 3809 565 3860 fiebant
574 3811 665 3860 eodem
677 3816 795 3874 tempore
835 3809 929 3874 posita,
941 3809 973 3857 sd
980 3814 1088 3856 mortem
1097 3805 1278 3867 damnabatur,
1286 3804 1368 3853 mitio·

266 3900 317 3950 quo
339 3886 366 3934 iu
388 3886 459 3935 Urbe
478 3885 541 3948 ipsa.
577 3885 646 3937 Plin.
667 3886 752 3950 Epist.
768 3899 796 3936 x.
835 3881 1169 3946 raeeusuitcbtinuitque.'

157 4017 173 4038 l·
266 3965 322 4011 tot.
337 3959 346 3988 ‘
356 3961 435 4023 Vota,
454 3959 566 4022 domiue,
584 3961 699 4024 priorum
718 3974 796 4009 auno·
869 3963 972 4026 Nempe
982 3950 1129 4010 utinsulam'
1137 3965 1312 4018 amoveretur,
1320 3971 1368 4006 noa

265 4052 322 4086 rum
341 4041 498 4100 nuncupata,
515 4037 614 4084 alacres
623 4037 729 4101 laetr'que
737 4049 796 4099 per·
837 4037 1009 4098 occideretur,
1018 4037 1166 4085 obtinuerat
1176 4037 1300 4092 Thrasea,
1310 4047 1369 4082 cou-

266 4113 404 4173 solvimus3
425 4127 542 4176 novaque
566 4128 664 4173 rursus,
690 4120 797 4163 curante
839 4119 881 4162 tra
889 4127 965 4177 quam
977 4112 1059 4160 voluit
1068 4111 1151 4170 Nero,
1164 4097 1289 4175 qni‘eum
1301 4109 1370 4157 dam-

266 4188 467 4237 eourmilitonum
488 4194 516 4236 et
536 4187 728 4250 provincialium
743 4187 798 4249 pie·
837 4195 926 4236 natum
947 4185 1039 4248 voluit,
1064 4186 1104 4233 vel
1128 4184 1219 4232 salutis
1236 4192 1367 4232 concesse

267 4270 332 4327 tate,
342 4265 511 4330 suscepimus,
527 4265 628 4328 precati
638 4267 721 4328 Deos,
730 4269 759 4314 ut
770 4269 797 4314 te
839 4277 884 4312 seu
895 4261 1041 4312 clementiae
1051 4259 1156 4324 gloriam
1165 4255 1311 4308 affectavit.

1327 4330 1334 4401 l
1361 4380 1370 4394 ,
