2984 4850
261 386 350 455 2064
613 403 646 449 c.
670 397 855 448 cennnnn
878 397 1007 445 nucrrr
1197 403 1360 469 [unsre

305 550 359 613 10.
382 545 487 611 Haud
501 543 608 607 minus
626 548 755 625 promte
777 542 815 603 L.
829 539 938 604 Vetus
965 559 1146 622 socrusque
1166 540 1250 625 ejus,
1276 542 1362 606 Sex-

262 652 320 727 tia,
345 655 378 713 et
401 647 547 711 Pollutia
568 646 646 720 filia,
670 664 783 706 necem
805 643 955 705 subiere:
980 642 1083 704 invisi
1106 642 1267 725 Principi,
1293 648 1363 706 tan-

261 771 362 835 quam
384 748 524 813 vivendo
549 748 799 828 exprobrarent,
825 744 1028 807 intersectum
1058 747 1144 806 esse¹
1169 743 1364 807 Rubellium

260 852 428 928 Plautum,
444 869 596 931 generum
617 847 713 909 Lucii
733 846 877 909 Veteris
923 846 990 908 Sed
1012 845 1143 908 initium
1167 844 1360 925 detegendae

261 954 401 1017 saevitiae
427 950 579 1033 praenuit,
608 949 809 1011 interversisr
839 948 969 1029 patroni
995 948 1105 1022 rebus,
1134 946 1177 1008 ad
1199 964 1360 1009 accusan-

262 1056 353 1118 dum²
367 1054 606 1134 transgrediens
622 1051 825 1113 Fortunatus
843 1050 990 1124 libertus,
1011 1050 1120 1111 ascito
1137 1047 1278 1110 Claudio
1295 1046 1364 1109 De-

262 1156 383 1233 miano,
405 1175 515 1237 quem,
539 1156 583 1217 ob
606 1154 898 1233 flagitiarinctnm
920 1170 942 1212 a
955 1147 1088 1225 Vetere,
1105 1146 1200 1211 Asiae
1217 1148 1364 1211 Procon-

263 1259 345 1334 sule,
360 1259 503 1321 exsolvit
518 1256 622 1331 Ner0,
647 1256 681 1317 in
702 1255 876 1338 praemium
902 1249 1136 1314 accusationis,
1182 1247 1284 1325 Quod
1307 1247 1365 1311 ubi

204 1408 208 1415 .
262 1359 430 1440 cognitum
444 1377 513 1433 reo,
529 1377 631 1440 seque
654 1362 687 1419 et
711 1356 860 1419 libertum
887 1353 961 1435 pari
986 1355 1074 1413 sorte
1098 1350 1267 1432 componi,
1284 1348 1366 1411 For·

262 1460 408 1523 mianos³
427 1461 461 1521 in
475 1477 570 1539 agros
585 1457 776 1539 digreditur.
820 1455 897 1518 Illic
914 1473 990 1517 eum
1005 1452 1127 1515 milites
1140 1451 1273 1514 occulta
1289 1468 1365 1512 cus-

261 1560 353 1623 todia
381 1554 593 1621 circumdant.
636 1556 763 1620 Aderat
774 1556 855 1630 filia,
871 1572 972 1636 super
994 1553 1145 1632 ingruens
1166 1551 1363 1632 pericnlum,

261 1660 358 1739 longo
377 1657 489 1725 dolore
515 1662 625 1734 atrox,
639 1674 683 1719 ex
698 1675 765 1736 quo
781 1672 992 1736 percussores
1006 1652 1133 1728 Plauti,
1159 1652 1272 1718 mariti
1302 1652 1365 1729 sui,

153 1788 158 1793 ·
261 1760 411 1823 viderat:
448 1763 680 1839 cruentamque
707 1757 870 1820 cervicem
908 1754 982 1836 ejus
1009 1753 1177 1834 amplexa,
1209 1752 1366 1815 servabat

262 1862 467 1942 sanguinem³
506 1864 538 1923 et
565 1865 674 1923 restes
701 1875 871 1940 respersas
884 1854 909 1937 3*
938 1855 1051 1931 vidua,
1068 1854 1254 1935 implexa*-
1273 1855 1366 1917 luctu

297 2039 348 2085 Nec
359 2038 435 2085 minus
442 2050 541 2099 propere
551 2035 581 2083 L.
597 2034 670 2083 Vetus
686 2040 710 2083 et
727 2034 864 2095 semaeias
883 2032 968 2082 Sextia
986 2038 1011 2080 et
1029 2031 1199 2098 Pollutidfilin
1217 2034 1249 2081 ud
1268 2037 1366 2081 mortem

263 2103 343 2149 adacti
354 2105 426 2148 runt:
442 2100 468 2146 bi
480 2098 552 2147 inuisi
570 2098 671 2157 Cereri,
690 2102 801 2159 tunquam
817 2099 920 2146 cicentes
939 2098 964 2146 ei
982 2097 1132 2157 objectarent,
1147 2098 1301 2146 interemtum
1320 2112 1367 2145 esre

264 2164 397 2212 Rubellium
408 2164 528 2223 Plautum,
536 2176 649 2223 generum
659 2162 729 2210 Lucii
744 2162 843 2210 Veteris.
875 2162 924 2209 Sed
938 2163 1079 2209 occasionem
1089 2161 1220 2223 operienda
1230 2161 1367 2209 immersita-

263 2229 297 2275 tis
310 2228 375 2275 dedit
387 2226 533 2275 Fortunatus
543 2226 650 2287 libertus,
660 2227 699 2287 qui
710 2229 771 2273 male
779 2225 854 2285 gestis
863 2240 905 2272 seu
916 2224 1054 2287 interceptis
1060 2224 1158 2288 patroni
1168 2224 1250 2286 opibus
1259 2225 1366 2272 edilium

263 2291 413 2351 deferendum
422 2290 626 2355 progrediebatur,
637 2294 738 2337 msamto
752 2288 851 2337 Claudio
861 2289 987 2348 Demiuno,
997 2304 1063 2350 quem
1079 2288 1106 2336 ob
1124 2290 1211 2335 sceiere
1229 2289 1258 2335 in
1275 2289 1366 2337 cinmla

263 2356 390 2416 conjectum
408 2368 424 2402 a
445 2354 527 2415 Vetere
538 2353 604 2401 Aee
620 2359 718 2413 rectore,
734 2352 844 2399 liberavit
862 2353 935 2411 Nero,
957 2353 1112 2400 deruentionis
1125 2352 1230 2413 pretium
1247 2352 1366 2414 cumque

264 2418 358 2469 bomini
376 2420 509 2481 rependens.
544 2418 611 2473 Quod
623 2416 664 2464 ubi
679 2420 819 2478 compertum
837 2431 886 2476 reo,
906 2431 973 2478 seque
988 2433 1040 2464 cum
1058 2415 1142 2464 liberto
1160 2415 1217 2479 puri
1234 2418 1367 2464 conditione

265 2483 406 2544 comparari,
425 2483 553 2530 Formiana
570 2483 595 2530 in
613 2481 704 2542 predia
725 2495 750 2528 se
768 2480 862 2542 recipit.
903 2480 959 2528 illic
979 2495 1032 2528 eum
1051 2481 1139 2528 milites
1159 2481 1249 2528 ecculm
1264 2481 1367 2529 detmne

265 2547 372 2606 cingam.
404 2545 507 2602 Astnbat
517 2546 583 2610 filiu,
602 2550 690 2608 preter
705 2545 798 2592 iustum
810 2545 944 2605 discrimen,
961 2545 1074 2592 diuturm
1083 2559 1179 2591 noerore
1189 2543 1325 2605 exagitata,
1336 2558 1366 2592 er:

265 2625 308 2672 quo
315 2615 466 2671 perspexerat
477 2609 639 2668 interfectores
649 2609 733 2657 Plauti
744 2608 851 2669 conjugia
864 2608 915 2656 sui:
931 2613 954 2655 et
967 2609 1081 2668 sanguine
1086 2606 1204 2666 fedatum
1215 2613 1288 2669 ceput
1302 2608 1366 2656 iltius

265 2676 378 2734 meslete,
397 2673 505 2721 cernebat
523 2687 637 2736 munem
655 2678 678 2722 et
689 2677 765 2721 restes
782 2687 813 2720 eo
825 2671 949 2735 sauguine
957 2671 1077 2735 perfusus,
1087 2673 1157 2721 cidus
1168 2673 1246 2720 delore
1254 2677 1365 2734 perpetue

720 2830 901 2851 ‘oenomao

299 2947 313 2993 1
331 2942 456 2992 Ernestus
468 2940 601 2990 existimat
619 2940 679 2990 olim
696 2939 776 2989 fnisse
792 2943 927 3003 scripturn,
944 2944 1095 3002 interfectum
1110 2960 1126 2992 e
1146 2949 1230 2993 re.—2
1247 2944 1290 2993 lta
1301 2945 1365 2994 Mss.

265 3013 293 3056 et
304 3007 431 3056 editiones
442 3012 545 3054 veteres
558 3020 588 3054 ae
600 3005 767 3054 recentiores.
802 3004 833 3053 In
851 3006 944 3054 mediis
960 3007 1121 3071 quibusdam,
1138 3010 1169 3055 ed
1184 3009 1365 3068 remotionen,

265 3078 293 3120 et
310 3071 348 3124 sic
360 3070 506 3120 Gronovius
525 3076 553 3118 et
571 3070 740 3132 Ryckius.-3
758 3069 809 3118 Ma.
828 3068 892 3132 Agr.
908 3072 1023 3132 sanguiue
1038 3077 1114 3120 aester
1130 3087 1257 3133 respersus.
1290 3072 1365 3123 Quod

283 3135 376 3183 rimum
388 3134 491 3183 arridet.
523 3133 621 3183 Postea
632 3133 754 3197 displicet
764 3133 808 3181 ille
818 3134 953 3182 verborum
969 3135 1042 3195 ordo,
1061 3137 1105 3198 qui
1116 3151 1165 3184 non
1182 3145 1226 3184 est
1237 3137 1365 3199 antiquus.

290 3198 420 3245 recten-s
437 3198 543 3260 implexa
556 3198 670 3247 deletum
682 3195 912 3259 velletAcidalius,
930 3200 1070 3261 repetitum
1086 3215 1120 3248 ex
1138 3200 1274 3262 superiore
1284 3200 1365 3248 verbo

263 3262 371 3324 amplexa
389 3267 469 3309 ratus.
503 3260 625 3309 Eruditus
636 3262 763 3309 Petavius
780 3261 945 3321 emendabat,
962 3263 1063 3324 impexa.
1096 3265 1239 3326 Eleganter
1250 3265 1363 3327 quiden.

261 3323 392 3438 falnmcoe
403 3338 504 3390 qnoque
515 3323 624 3387 dictum,
639 3326 741 3389 implexa
749 3340 759 3381 ,·
775 3330 803 3374 et
819 3340 877 3374 cnm
893 3326 1015 3375 Pollutiae
1035 3327 1108 3376 luctu
1124 3328 1223 3399 optime
1234 3328 1364 3385 convenit,

754 3485 864 3536 NOTAE

293 3593 470 3658 rlneeneres]
499 3595 635 3661 subreptis
655 3604 701 3648 aut
719 3598 791 3647 dissi·
831 3600 859 3647 lii
869 3600 968 3662 Plauti,
978 3614 1111 3664 respersas
1127 3599 1262 3663 ipsiusmet
1273 3598 1363 3649 Plauti

260 3669 329 3735 petis
346 3669 419 3718 bonis
441 3673 554 3733 patroni.
588 3674 747 3727 internectere
763 3678 791 3722 et
831 3675 963 3724 morientis
980 3676 1112 3740 sangnine.
1144 3676 1187 3723 Sic
1209 3676 1362 3738 plerumque

261 3754 368 3806 avertem
379 3763 426 3812 pro
438 3750 528 3798 eodem
540 3756 590 3798 est.
831 3751 862 3799 fit
873 3766 905 3800 ex
917 3753 1051 3811 memoria,
1062 3765 1158 3811 amore,
1177 3756 1205 3799 et
1227 3750 1359 3799 desiderio

297 3824 435 3875 lucenaria
439 3826 546 3887 patronis
554 3818 642 3886 rebus]
653 3825 684 3873 Id
695 3830 745 3885 est,
757 3825 790 3874 ab
831 3827 1011 3894 morientium,
1028 3834 1056 3876 ot
1073 3828 1162 3890 magis,
1174 3827 1196 3874 si
1210 3841 1260 3889 per
1268 3825 1362 3890 iniqni-

261 3902 369 3965 ipsomet
378 3900 482 3961 liberto,
492 3900 535 3963 qui
547 3900 648 3963 patroni
655 3915 708 3949 rem
717 3898 790 3948 fami·
832 3911 913 3960 tatem
924 3903 1104 3964 interimantur
1113 3904 1246 3961 illi,aetate
1257 3900 1361 3951 etfama

260 3978 349 4026 liarem
360 3975 536 4026 fraudaverat.
569 3977 684 4025 Picbenu.
831 3975 961 4040 florentes,
972 3984 1001 4025 ut
1018 3979 1060 4025 bic
1068 3977 1212 4025 Rubellius.
1244 3975 1362 4040 sutona

243 4055 244 4058 ’
293 4057 302 4081 ¹
313 4050 462 4112 Formianos]
479 4051 597 4112 Formiae,
609 4051 626 4098 l.
639 4064 685 4098 ιν.
698 4065 720 4100 c.
731 4055 773 4099 46.
830 4051 949 4115 Pompeii
966 4052 1048 4100 allata
1059 4052 1160 4100 domum
1171 4063 1290 4120 respersa
1303 4064 1362 4106 cru,

293 4125 541 4189 ‘Verterrespersufl
573 4126 675 4188 Vestes,
689 4127 790 4188 nonIp·
830 4140 885 4190 ore,
893 4126 1021 4178 exterruit
1031 4125 1126 4178 Juliam
1136 4139 1254 4194 exorem,

233 4263 240 4280 ·
260 4199 505 4266 uinsl'ollutiae,scd
514 4208 601 4252 vestes
612 4201 681 4266 ipsas
693 4201 790 4260 Rubeln
