2984 4850
48 2025 85 2054 ,tr
111 2024 135 2051 r*
169 2015 184 2045 i.
222 2021 294 2073 'ruff

81 2069 85 2084 r
249 2059 258 2072 '¹
286 2055 305 2097 'lU

270 383 359 453 1998
609 401 661 475 Ἴο.
684 359 865 458 coirsumr
888 396 1014 448 ricrrr
1137 469 1142 475 ι
1214 403 1371 469 [suste

272 547 376 621 vium,
393 543 424 607 si
449 541 677 626 spectaculum
697 540 796 603 simul
813 538 975 617 inissent,'
988 560 1050 622 pro
1078 540 1216 605 crimine
1241 544 1373 629 accipi:

273 666 360 721 cum,
388 662 487 727 super
513 641 659 705 Neronis
686 660 726 703 ac
756 640 909 721 Tigellini
938 660 1050 705 saevas
1074 648 1374 724 percunctatioues,

274 744 398 809 Fenius
421 739 554 827 quoque
579 742 689 806 Rufus
719 744 875 807 violenter
895 749 1034 825 urgeret,
1054 745 1197 812 nondum
1223 748 1266 811 ab
1289 746 1375 811 indi·

273 846 370 909 cibus
391 846 592 921 nominatus,
615 844 686 921 sed,
707 852 789 925 quo³
811 842 910 906 fidem
935 845 1076 910 inscitiae
1105 851 1248 929 pararet,
1278 853 1375 912 atrox

274 947 432 1011 adversus
458 946 582 1010 socios.
618 944 713 1009 Idem
730 946 851 1010 Subrio
874 946 991 1010 Flavio
1015 948 1188 1011 assistenti
1206 948 1375 1012 annuenti-

273 1054 369 1132 quele
393 1066 437 1110 an
460 1048 544 1111 inter
567 1048 679 1130 ipsam
706 1048 926 1127 cognitionem
952 1046 1183 1129 destringeret⁵
1213 1050 1375 1129 gladium,

273 1149 467 1231 caedernque
480 1152 637 1229 patraret,
646 1146 767 1211 renuit⁶
781 1146 978 1230 infregitque
986 1148 1144 1229 impetum
1155 1147 1228 1231 jam
1242 1160 1376 1212 manum

273 1250 317 1313 ad
331 1251 488 1332 capulum
499 1248 670 1313 referentis
675 1258 696 1313 .·

315 1351 372 1415 bu.
394 1348 511 1427 Fuere,
535 1352 592 1431 qui
611 1350 743 1432 prodita
762 1349 998 1434 conjuratione,
1025 1348 1105 1412 dum
1130 1348 1261 1414 auditur
1284 1348 1378 1415 Mili·

273 1451 368 1529 cbus,
394 1451 471 1514 dum
496 1451 625 1515 dubitat
649 1451 825 1525 Scevinus,
851 1451 1061 1513 hortarentur
1090 1450 1258 1526 Pisonem,
1275 1454 1287 1483 ‘
1302 1470 1377 1533 per-

272 1570 348 1633 gere
367 1550 402 1613 in
417 1554 538 1627 castra,
553 1556 612 1614 aut
630 1557 737 1613 rostra
761 1548 962 1626 escendere,¹
978 1549 1156 1632 studiaque
1176 1550 1320 1613 militum
1344 1557 1378 1615 et

258 1648 389 1733 ,populi
403 1654 538 1726 tentare,
549 1652 578 1713 si
587 1650 765 1713 conatibus
778 1649 851 1731 ejus
864 1649 988 1712 conscii
1001 1654 1261 1730 aggregarentur,
1279 1668 1377 1713 secu-

272 1754 365 1813 turos
390 1750 491 1812 etiam
513 1751 676 1831 integros:
701 1768 924 1831 magnamque
950 1754 1050 1811 motae
1077 1749 1124 1810 rei
1142 1747 1276 1827 famam,
1298 1768 1377 1831 quae

270 1850 451 1934 plurimum
472 1852 505 1915 in
519 1852 616 1916 novis
631 1850 782 1914 consiliis
806 1850 939 1912 valeret.
984 1847 1079 1911 Nihil
1099 1847 1277 1911 adversum
1298 1850 1377 1913 hoe²

272 1950 400 2016 Neroni
421 1955 613 2036 provisumt
635 1954 737 2016 etiam
752 1951 853 2016 fortes
868 1949 961 2013 viros
973 1949 1090 2012 subitis
1105 1950 1234 2028 terreri;
1255 1948 1378 2015 nedum

272 2152 358 2207 erant,
368 2146 390 2194 si
401 2151 507 2210 repente
523 2146 706 2207 occurrissent,
722 2145 742 2193 si
760 2145 859 2207 epulas,
875 2145 897 2192 si
918 2143 991 2192 ludos
1010 2142 1085 2191 simul
1096 2142 1257 2206 intrassent,
1280 2145 1378 2195 crimini

271 2210 434 2260 tribuebatur:
450 2225 502 2258 cust
510 2214 600 2272 preter
610 2214 687 2258 truces
699 2210 801 2257 Neronis
811 2224 839 2256 uc
853 2208 967 2268 tigellirti
978 2207 1183 2267 interrogationes,
1195 2208 1286 2257 Festus
1297 2210 1379 2269 Rufus

272 2275 345 2324 etium
355 2274 469 2323 atrociter
478 2274 589 2334 instaret,
597 2276 699 2321 mudum
715 2288 730 2319 c
745 2272 888 2321 delatoribus
901 2271 1069 2333 prodituram
1084 2287 1128 2334 quo
1147 2272 1289 2322 innocentie
1298 2274 1377 2337 fidem

263 2339 369 2399 smeret,
378 2352 453 2386 meus
463 2344 521 2387 erat
529 2339 640 2385 odessus
650 2337 759 2384 conscios.
793 2337 860 2383 idem
872 2335 961 2384 Festus
969 2334 1054 2383 Subrio
1067 2335 1150 2383 Fluvio
1166 2338 1257 2384 mtouti
1273 2343 1377 2400 nutuque

271 2402 451 2465 erudiuntque
466 2401 616 2465 interipsum
632 2402 792 2464 questionem,
803 2401 891 2448 stricte
912 2398 980 2460 ferro
1003 2400 1135 2448 Neronem
1153 2400 1277 2460 mciderct,
1289 2402 1378 2466 renuit,

271 2467 408 2529 retuditqse
419 2468 532 2529 impetum
542 2465 638 2526 Subrii,
646 2466 699 2524 ium
707 2467 817 2514 dextrum
828 2461 862 2511 uri
867 2465 974 2524 gladium
980 2462 1094 2523 ferentis.

306 2532 421 2580 Extitere
432 2530 472 2593 qui
482 2535 565 2594 aperte
574 2529 740 2591 coniuratione,
751 2529 807 2576 dum
818 2542 868 2576 rem
876 2526 952 2588 defert
963 2527 1087 2589 Milichus,
1098 2529 1153 2577 dum
1164 2533 1291 2577 coartatur
1302 2529 1382 2578 Serri·

271 2609 325 2654 nus,
336 2600 453 2643 mouerent
465 2595 585 2653 Pisosem,
593 2602 622 2642 ut
632 2593 683 2642 iret
698 2594 724 2640 iu
741 2598 838 2652 castra,
854 2592 896 2639 vel
907 2601 989 2639 rostra
1001 2591 1163 2652 ascenderet,
1174 2593 1338 2658 militumque
1349 2601 1378 2643 et

272 2658 356 2719 plebis
367 2658 462 2706 animos
473 2659 645 2720 experiretur,
665 2671 697 2704 an
709 2656 800 2719 coeptis
817 2655 873 2718 ejus
885 2655 1027 2718 participes
1043 2655 1226 2718 conjurationis
1245 2659 1378 2706 sociaren-

263 2725 326 2781 '·tur‚
336 2735 394 2770 sese
412 2722 589 2783 adjuncturus,
600 2721 679 2769 etiam
692 2727 816 2782 expertes
831 2726 859 2769 et
877 2719 993 2781 ignaros:
1014 2719 1200 2784 ingentemque
1220 2721 1317 2770 excitae
1340 2722 1377 2770 rei

271 2782 438 2846 famamsore,
446 2798 504 2847 quae
516 2785 542 2832 in
553 2784 624 2832 novis
636 2785 726 2846 eoeptis
738 2785 846 2832 multum
859 2783 977 2845 polleret.
1011 2783 1083 2831 Nihil
1100 2784 1222 2832 adversus
1235 2784 1263 2832 id
1277 2786 1377 2835 Neroni

268 2855 457 2912 pernumerare,
469 2854 588 2897 strenuos
600 2846 677 2896 etiam
690 2846 759 2896 viros
771 2847 911 2911 repentinis
927 2847 1031 2896 consiliis
1039 2848 1152 2910 turbari;
1165 2854 1265 2897 tanturn
1275 2849 1376 2911 abesse,

780 2986 912 3006 cunone

271 3074 319 3119 -s
337 3068 413 3118 Actu.
425 3075 452 3117 et
471 3067 629 3116 Freinshem.
642 3066 750 3115 mallent
766 3072 790 3115 ct
808 3082 853 3130 quo
866 3067 965 3132 βάν-4
983 3068 1132 3132 Ryclriuse
1148 3070 1198 3120 Ms.
1215 3069 1282 3134 Agr.
1304 3073 1376 3124 dedit

269 3135 386 3194 irascenti,
399 3141 430 3182 ut
442 3135 575 3196 placuerat
586 3131 715 3180 Acidalio.
747 3130 785 3179 At
806 3133 880 3179 etiam
892 3146 993 3180 martem
1005 3147 1050 3193 pro
1061 3133 1158 3182 innume
1169 3133 1276 3197 dicitur,
1292 3144 1322 3186 ut
1334 3153 1374 3200 ep.

272 3198 358 3247 Cicer.
370 3212 416 3259 pro
428 3198 519 3246 Quint.
539 3211 599 3258 cap.
610 3198 652 3244 5.‘
664 3196 746 3244 Simul
760 3202 839 3258 atque
857 3196 905 3243 sibi
922 3197 962 3244 hic
975 3197 1114 3257 annuisset,
1127 3199 1332 3248 Numeraturum
1349 3215 1375 3251 se

271 3260 393 3320 dicebat,’
404 3267 434 3308 ut
447 3273 533 3308 omnes
546 3260 637 3320 scripti
648 3276 655 3320 3
666 3260 712 3307 sed
724 3267 753 3307 et
763 3259 799 3306 ibi
811 3267 903 3306 contra
913 3258 993 3307 libros
1002 3260 1141 3310 Lambinus
1151 3262 1234 3311 edidit
1244 3263 1375 3315 inbuisset:

271 3326 347 3384 male,
359 3329 388 3372 ut
400 3323 521 3387 judicant
540 3323 667 3371 Gruterus
684 3328 711 3371 et
725 3324 898 3370 Passeratius.
933 3324 1042 3386 Reperit
1054 3330 1142 3374 tamen
1158 3326 1299 3377 Broterius
1311 3330 1376 3378 issu·

271 3387 365 3450 entique
376 3389 442 3436 etin
455 3387 538 3435 tribus
550 3387 608 3434 aliis
620 3387 684 3434 Mss.
703 3388 799 3435 Emest.
826 3387 941 3435 Budeus.
958 3389 1080 3437 annunti.
1113 3391 1225 3440 Brotier.
1240 3407 1300 3440 cum
1323 3393 1375 3442 llo·

269 3451 506 3499 mesmes-s
520 3449 828 3511 Bndens.stringeret.—6
844 3451 887 3499 Sic
898 3452 964 3500 bene
978 3454 1028 3502 liis.
1041 3453 1109 3502 Flor.
1118 3461 1146 3502 et
1155 3453 1234 3504 editio
1243 3456 1375 3520 princeps.

270 3515 336 3626 pies.
350 3516 428 3627 ll3larl.
444 3513 525 3567 ,aaut
535 3516 592 3565 ies.
603 3522 632 3564 et
653 3515 821 3577 Puteolanus,
837 3514 947 3564 retinuit.
981 3517 1013 3566 ln
1030 3519 1145 3581 margine
1158 3519 1209 3567 liis.
1222 3519 1302 3570 Bodl.
1314 3522 1374 3570 resi·

288 3579 333 3628 uit.
376 3579 463 3628 rotier.

305 3647 318 3690 l
336 3641 380 3691 lta
395 3642 497 3706 Lipsius
519 3657 534 3690 e
553 3642 616 3690 Mss.
648 3641 680 3690 ln
696 3642 752 3690 aliis
769 3642 835 3690 Mss.
846 3647 874 3691 et
891 3642 1049 3692 editionibus
1061 3645 1201 3707 veteribus,
1212 3641 1372 3698 emender.

173 3703 176 3713 '
270 3710 320 3756 -2
336 3707 387 3760 llis.
398 3705 588 3757 eorum-s
605 3706 656 3755 Ms.
674 3706 943 3756 Corbmirtituuta-d
960 3707 1003 3757 stc
1014 3708 1227 3760 benePicbenae
1239 3711 1292 3762 Ms.
1304 3712 1372 3763 Flet.

767 3865 872 3919 NOTAE

270 3980 322 4031 isse
332 3979 365 4028 ad
380 3977 531 4039 adventurn,
542 3985 684 4044 aspectum,
692 3979 801 4040 abitum,
841 3977 902 4042 plici
914 3978 1034 4038 ferentia·
1059 3980 1110 4029 Vel
1128 3980 1186 4044 jam
1206 3981 1292 4044 primo
1309 3988 1371 4032 nutu

270 4069 415 4115 occursum,
440 4054 589 4117 alloquium,
615 4055 723 4115 dictum,
743 4069 800 4118 ges·
839 4055 935 4104 tulerat
953 4069 1056 4104 manum
1075 4057 1182 4119 capulo,
1199 4063 1228 4106 et
1240 4062 1271 4106 ut
1292 4057 1371 4121 magis

270 4135 336 4192 tum,
344 4126 474 4179 metumve
485 4130 603 4194 alicujus.
624 4131 767 4180 Gronovius.
837 4130 967 4194 innueret,
982 4132 1044 4198 quid
1061 4132 1150 4196 vellet,
1168 4132 1265 4182 iterum
1288 4134 1369 4183 adbuc

302 4204 475 4270 ‘Referam
492 4205 669 4271 Conpositum
681 4219 729 4271 pro
740 4206 799 4256 sinr-
837 4204 966 4266 merebit.
