2984 4850
181 396 208 450 a
222 393 320 462 c.sa.]
531 365 737 440 nnnsnrnu
762 391 836 439 nin.
858 391 940 440 xiv.
1202 373 1288 440 1740

181 539 275 604 libus
289 536 466 603 Romanis.
511 533 569 601 Illi
586 533 769 598 Antonium
791 531 955 599 Primumt
969 540 1005 598 et
1027 532 1182 599 Asinium
1194 528 1286 600 Mar·

183 639 305 705 cellum
319 639 539 702 sociaverant.
575 636 1076 720 Antoniusaudaciapromtns:
1105 635 1288 700 Marcellus

182 739 303 806 Asinio
324 739 478 804 Pollione
503 725 630 821 pro‘avo
655 740 777 814 clarus,
802 759 911 822 neque
933 756 1069 803 morum*
1082 738 1286 820 spemendns

181 841 382 919 habebatur,
412 841 477 903 nisi
505 840 595 922 quod
623 847 854 926 paupertatem
887 840 1092 923 praecipuum
1125 839 1287 902 malornm

181 944 349 1008 credebat.
394 942 501 1024 Igitur
531 941 697 1016 Fabianus
719 943 851 1006 tabulas
876 939 962 1021 iis,ti
982 959 1069 1024 quos
1092 939 1286 1017 memoravi,

182 1049 215 1108 et
244 1045 320 1109 aliis
348 1046 454 1108 minus
484 1041 687 1121 illustribus)
716 1045 888 1126 obsignat:
925 1043 1016 1126 quod
1045 1041 1134 1124 apud
1167 1041 1287 1104 Patres

180 1137 391 1210 convictum:
414 1151 447 1208 et
469 1143 640 1206 Fabianus
662 1142 906 1228 Antoniusque,
928 1146 1010 1208 cum'
1025 1143 1149 1206 Rufino
1169 1149 1203 1206 et
1220 1141 1287 1205 Te·

120 1265 123 1272 ’
181 1247 294 1324 tentio,
331 1231 403 1328 lege
440 1246 596 1310 Cornelia
623 1242 847 1311 damnantur.k
901 1233 1100 1309 Marcellum
1127 1244 1287 1310 memoria

177 1399 312 1449 macconi
323 1401 454 1451 Antoniam
464 1401 573 1450 Primam
584 1407 607 1450 ct
617 1401 729 1452 Asinium
740 1404 889 1452 Marcellam.
923 1401 1042 1451 Antonius
1059 1399 1158 1449 audacio
1175 1413 1288 1462 proemps,

180 1465 310 1514 Marcellus
319 1465 423 1514 illustris
431 1466 518 1514 Asinio
529 1466 635 1515 Pollione
649 1482 745 1530 pronao,
761 1483 834 1530 nepae
850 1469 901 1516 vito
917 1467 1045 1528 culpanda
1054 1463 1227 1524 amenum,
1237 1463 1287 1511 nisi

178 1531 241 1592 qnod
249 1529 350 1591 putabat
361 1535 489 1591 egestatem
499 1545 554 1579 esse
564 1545 679 1579 summm
690 1534 812 1581 maloram.
846 1531 931 1595 ltnqsc
947 1530 1070 1579 Fabianus
1086 1527 1195 1588 deignat
1204 1532 1286 1578 testa·

178 1597 284 1642 mm
295 1594 404 1643 testibus
414 1595 454 1655 iis,
466 1595 611 1657 qnosrctali,
622 1600 647 1643 ct
657 1596 711 1644 otiis
720 1597 798 1644 minas
814 1597 893 1646 claris.
928 1595 998 1648 Quod
1015 1595 1042 1641 in
1057 1597 1141 1641 amata
1155 1593 1286 1640 considam

180 1663 238 1706 est:
254 1662 279 1706 ct
289 1657 410 1708 Fabianus
420 1660 581 1723 Antoniusque
590 1674 642 1708 carn
654 1660 743 1724 Rufino
762 1665 786 1710 ct
807 1659 985 1719 Terentiotegc
1003 1657 1113 1707 Cornelio
1132 1658 1289 1718 addamus„

641 1785 823 1805 “neuneu

178 1833 340 1930 buibusdam,
364 1867 439 1930 Viciu,
456 1867 522 1932 quod
536 1866 682 1917 Gronovius
693 1865 781 1915 babet.
816 1865 928 1917 Quidam
938 1863 1160 1938 frustrantentant,
1180 1859 1284 1910 Vinicio.

178 1929 261 1978 Idem.
294 1931 347 1980 Sed
372 1931 464 1980 Vinicio
481 1933 536 1994 jam
557 1933 638 1980 Rben.
657 1930 768 1979 volebat.
809 1928 982 1979 Consentiunt
997 1929 1123 1985 Faernus,
1141 1927 1286 1974 Mercerus.

176 1994 289 2058 ,scorpio
306 2009 365 2044 curn
382 1996 489 2056 Blpont.
519 1995 675 2044 olentia—4
690 1993 734 2043 Sic
754 1993 850 2057 optime
861 1993 973 2056 Lipsius,
989 2007 1004 2042 e
1023 1992 1076 2040 Ms.
1088 1991 1175 2038 Vatie.
1186 1990 1212 2038 in
1224 2003 1285 2052 qno,

179 2057 313 2116 tabulasir's,
325 2069 354 2108 ut
364 2060 390 2106 in
403 2061 453 2108 Ms.
472 2061 543 2109 Flor.
560 2059 682 2119 restituit,
691 2058 833 2107 tabulariis.
866 2058 1009 2120 Perperam
1020 2056 1047 2104 in
1058 2055 1115 2104 aliis
1126 2055 1192 2103 Mss.
1203 2059 1231 2101 et
1241 2067 1285 2100 ve-

178 2121 278 2196 teribus
296 2123 462 2188 editionibus,
479 2123 605 2176 tabulariis
622 2124 663 2173 vel
679 2123 820 2189 tabularius,
837 2120 974 2172 tabellarias
993 2128 1039 2170 aut
1058 2117 1197 2169 tabellariis.
1219 2118 1284 2166 Bro-

178 2191 238 2236 tter.

673 2299 781 2351 NOTAE

176 2410 320 2463 Antonium
331 2411 451 2477 primum,
462 2417 489 2463 et
501 2413 645 2463 Pollionem
657 2429 708 2464 non
770 2411 900 2463 :Alciatus
912 2428 956 2463 eos
973 2416 1056 2477 putat,
1067 2423 1130 2475 quos
1145 2420 1213 2457 nunc
1233 2405 1284 2456 Ta·

175 2488 258 2536 solnm
279 2486 375 2551 fraudi,
395 2488 440 2537 sed
460 2489 538 2538 etiam
560 2488 658 2539 fructui
680 2497 709 2539 et
747 2488 873 2539 belliones
886 2504 1021 2539 vocamus:
1040 2492 1132 2536 contra
1147 2486 1285 2557 Ferrettns

172 2563 267 2626 opibus
286 2564 360 2613 istius
377 2565 535 2613 testamenti.
568 2565 620 2614 Sed
632 2564 708 2614 relel-
749 2564 928 2626 obsignatores
936 2571 964 2613 et
972 2564 1113 2626 scriptores
1124 2556 1283 2610 testamenti.

174 2638 230 2688 lere
242 2639 348 2689 videtur
356 2639 465 2687 Tacitus
474 2638 567 2700 iufra,‘
580 2640 708 2689 Fabianus
748 2640 903 2687 Vertranins
914 2645 1055 2703 postremo,
1067 2643 1189 2700 tanquam
1201 2631 1284 2681 corni-

174 2713 335 2776 tabulariis,
352 2729 415 2779 quos
434 2716 647 2779 memorari,&c.
664 2716 708 2766 ob·
748 2730 807 2763 conr
830 2711 1143 2775 oculos-rescribendum
1172 2713 1282 2758 censet:

172 2788 277 2853 signat’
749 2790 871 2841 Fabianus
881 2792 1012 2841 tctrtlurtss
1022 2790 1063 2839 iis.
1096 2787 1208 2851 Lipsius.

175 2903 177 2912 .
207 2864 278 2914 Poto
289 2880 353 2928 eos,·
362 2881 414 2915 non
430 2867 486 2931 ipso
502 2874 659 2918 testamento
665 2868 709 2917 t'n·
781 2867 866 2915 Recte
875 2866 1016 2927 ludebatis,
1028 2870 1056 2914 et
1066 2878 1135 2914 vana
1146 2867 1281 2923 suntuna

172 2942 225 2991 isse
245 2943 342 2991 ascitos
362 2942 389 2991 in
405 2944 521 3006 praedam
541 2944 707 3005 tabularum
747 2940 862 2992 afferunt
879 2944 927 2992 hoe
947 2938 1200 3000 loeanreconsolti,
1211 2943 1239 2985 et
1255 2937 1281 2984 in

172 3016 220 3067 sed
239 3017 282 3066 vel
301 3018 411 3080 pecnnia
430 3020 565 3082 praesenti,
584 3026 629 3069 aut
651 3020 708 3069 aliis
748 3032 863 3069 errorem
872 3019 1014 3067 inducunt:
1033 3013 1282 3081 qnarelricinspon·

174 3090 278 3155 tabulis,
290 3107 335 3140 seu
351 3092 489 3154 codicillis,
501 3094 591 3157 quibus
611 3094 708 3158 praedae
748 3098 813 3159 giam
825 3097 977 3145 incumbant
989 3095 1083 3158 Ajaees
1092 3092 1140 3140 illi.
1211 3120 1216 3128 ν

174 3172 276 3230 partem
286 3167 520 3219 cuilibetdatnrum
533 3171 708 3234 promitteret,
779 3171 788 3215 t
804 3167 1140 3231 mausiacensem]
1156 3164 1282 3217 (leiserio

173 3243 316 3293 solicitatos
326 3252 404 3309 atque
416 3246 542 3308 pellectos
555 3261 619 3296 esse.
693 3276 696 3281 ·
749 3263 802 3297 non
812 3248 910 3299 conscii
917 3248 1030 3306 sceleris,
1038 3246 1150 3295 sedeunt
1160 3243 1282 3293 riderent

171 3364 174 3371 .
204 3318 371 3370 llAntonium
393 3322 516 3384 Primam]
561 3324 637 3373 Illum
665 3326 708 3389 qni
748 3324 916 3373 nobilissimos
926 3328 1112 3371 testamentum
1123 3320 1187 3369 illud
1196 3318 1281 3382 obsig-

171 3402 267 3460 postea
286 3398 410 3447 acerrima
431 3396 477 3447 fax
496 3400 656 3461 Vespasiano
676 3400 708 3448 ad
748 3414 832 3463 nasse,
850 3401 931 3449 etiam
943 3400 1043 3462 signum
1056 3412 1128 3447 suurn
1142 3410 1188 3446 seu
1199 3394 1281 3444 chiro·

173 3471 249 3521 civile
264 3472 374 3521 bellurn:
393 3473 707 3535 cnjusmnltainlllstor.
748 3477 871 3539 graphnrn
901 3490 952 3523 non
979 3474 1142 3537 denegarunt
1167 3470 1280 3521 addere:

173 3546 371 3597 librismentio.
405 3548 510 3611 Lipsius.
544 3550 596 3599 Qui
616 3551 707 3599 Gallus
748 3552 950 3615 nec-reperitur
970 3550 1051 3600 etiam
1072 3547 1174 3611 punitos
1193 3545 1282 3610 fnisse,

168 3628 200 3671 et
217 3622 339 3673 'lbolosae
357 3628 445 3684 uatus,
462 3639 494 3671 ex
511 3624 568 3673 cive
585 3625 660 3675 Rom.
679 3634 708 3676 ut
748 3629 791 3677 vel
813 3629 873 3693 qnia
891 3642 984 3689 niagno
1006 3625 1136 3687 exemplo,
1157 3622 1198 3671 vel
1220 3621 1282 3687 quia

169 3701 244 3759 Ρῑῑθ·
406 3738 408 3743 ι
552 3734 554 3741 ι
747 3705 817 3755 nollo
839 3705 916 3755 modo
934 3704 1113 3766 deliquerant:
1143 3707 1197 3748 aut·
1212 3698 1282 3748 forte

168 3807 176 3816 .
203 3769 505 3839 ‘Fabianustotnlusiid
530 3778 611 3825 Manu
625 3777 706 3827 duxit
746 3781 863 3831 historia
880 3780 974 3843 spreti,
989 3780 1050 3827 licet
1073 3776 1156 3842 puniti
1173 3776 1234 3836 sint,
1249 3777 1281 3823 nt

168 3846 255 3895 mend
269 3861 355 3895 verant
375 3850 591 3902 bauclectionem
605 3854 706 3901 l'atlca·
746 3857 933 3907 nriuorisuotre
945 3856 1067 3908 hontines.
1140 3884 1145 3890 -
1177 3888 1182 3895 ⁴

172 3935 229 3983 nus,
249 3937 293 3987 qur
313 3926 408 3973 tubulas
426 3926 458 3974 iis
476 3926 567 3977 refert.
603 3929 705 3992 Reliqui
777 3932 871 3995 &Lege
884 3932 994 3982 emeda
1002 3932 1157 3991 damnantur]
1178 3926 1280 3991 Idest,

172 4011 270 4058 omnus,
289 3999 422 4049 tabulariis.
456 4006 605 4055 Quantillus
624 4020 704 4068 error,
746 4008 837 4057 ordine
862 4008 991 4056 senatorio
1020 4011 1164 4054 tuerentur.
1209 4002 1280 4051 Natu

170 4082 282 4135 quantas
296 4078 432 4124 tenebras?
465 4080 531 4129 Nnrn
543 4080 605 4131 dCtr
623 4081 703 4129 nostri
745 4084 861 4149 quamvis
871 4084 936 4147 legis
946 4084 1071 4133 Cornelia»
1085 4077 1216 4125 ordinaria
1227 4093 1282 4141 poe·

170 4149 262 4199 misere
284 4161 437 4217 torquentur
450 4155 478 4205 iu
495 4157 629 4209 tabulariis
645 4158 703 4209 istit
744 4174 779 4211 ns
789 4160 938 4223 deportatio
955 4159 1000 4219 sit,
1013 4165 1042 4205 et
1060 4160 1184 4202 bonorum
1196 4152 1280 4216 pnbll·
1325 4206 1331 4216 ‚

167 4226 297 4281 m‘flffl'·
622 4266 625 4277 .
745 4238 832 4300 satim
855 4242 944 4287 tanen
961 4234 989 4284 iu
1006 4228 1278 4283 bonesucribtrssnb·
