2984 4850
147 383 175 436 J.
188 379 285 446 cea]
489 375 700 426 annuerunt
725 377 800 428 mu.
818 376 898 431 lxm.
1162 365 1251 435 1785

149 523 255 606 ceptis
269 519 457 606 pueritiam,
473 519 549 583 dein
564 519 738 603 juventam
752 540 859 584 meam
873 521 999 588 fovisti.
1042 521 1087 586 Et
1103 527 1161 588 tna
1174 525 1248 609 qui·

148 623 223 688 dem
249 643 328 706 erga
350 643 402 686 me
423 641 568 699 munera,
592 621 671 684 dum
685 623 755 686 vita
784 630 950 706 suppetet,
976 630 1099 689 aeterua
1123 623 1248 692 eruut:k

147 745 224 810 quae
238 745 261 788 a
274 745 327 788 me
340 725 455 801 habea,
474 724 558 788 horti
579 731 612 786 et
635 723 745 788 foenus
764 729 798 788 et
811 725 913 801 villae,
928 727 1063 790 casibus
1085 727 1248 793 obnoxia⁶

144 831 241 891 sunt:
273 817 326 903 ac,
356 826 435 890 licet
462 827 563 889 multa
589 824 772 902 videantur,
800 826 961 909 plerique,
988 828 1247 912 haudquaquam

144 928 273 991 artibus
288 929 352 990 tuis
365 946 474 1010 pares,
492 927 588 1009 plura
609 923 798 992 tenuerunt.¹
840 927 949 992 Pudet
970 928 1107 993 referre⁷
1121 931 1246 996 liberti·

141 1046 217 1103 nus,
233 1030 290 1112 qui
304 1028 438 1092 ditiores
454 1033 655 1111 spectantur.
701 1027 799 1092 Unde
822 1031 924 1093 etiam
943 1031 1056 1094 rubori
1081 1030 1160 1094 milri
1182 1036 1243 1110 est,

141 1129 233 1212 quod
261 1130 453 1212 praecipuus
482 1129 656 1208 caritate,m
681 1130 830 1194 noudum
857 1151 971 1196 omues
1000 1131 1128 1195 fortuna
1155 1137 1244 1196 aute-

140 1229 250 1295 cellis.
421 1281 423 1285 .

184 1332 240 1400 56.
257 1331 404 1396 ‘Verum
419 1337 452 1396 et
466 1332 527 1395 tibi
537 1331 651 1395 valida
666 1337 763 1409 aetas,
777 1335 943 1416 rebusque
959 1340 993 1399 et
1003 1334 1125 1397 fructui
1135 1353 1243 1398 rerum

139 1431 305 1497 sufficiens
315 1440 339 1496 :¹²
360 1437 392 1496 et
416 1451 478 1496 nos
498 1432 622 1514 prima⁰
643 1431 780 1515 Imperii
806 1434 915 1516 spatia
936 1433 1153 1516 ingredimur:
1175 1433 1243 1498 nisi

38 1639 44 1646 ·
136 1627 348 1688 adolescentiam,
366 1629 479 1742 inpenio,
498 1629 646 1692 prudentie,
665 1637 743 1694 atque
761 1630 890 1682 doctrina.
923 1632 958 1681 Et
977 1637 1022 1681 tun
1041 1631 1144 1695 quidem
1161 1630 1241 1682 inme

137 1693 243 1754 merita,
255 1692 315 1741 dum
326 1694 378 1742 vita
402 1695 440 1742 rui
452 1693 566 1756 dabitur,
583 1691 742 1756 sempiterna
752 1703 842 1746 erunt:
859 1711 918 1759 qure
930 1711 946 1744 a
956 1709 997 1744 me
1015 1696 1148 1757 accepisti,
1164 1695 1242 1759 horti,

137 1771 211 1820 opes,
233 1764 261 1806 et
284 1756 393 1820 pradia,
416 1757 593 1808 accidentibus
616 1759 735 1820 exposita
757 1767 831 1812 sunt:
856 1767 884 1808 et
905 1760 968 1808 lieet
984 1759 1122 1808 videantur
1144 1760 1241 1821 ampla,

135 1821 213 1870 multi
234 1825 321 1881 tamen,
342 1835 503 1886 nequaqnam
523 1823 614 1870 virtuti
633 1827 684 1870 tuae
704 1824 829 1886 aequales,
849 1823 925 1886 longe
947 1823 1043 1885 majora
1062 1823 1240 1872 obtinuerant.

124 1885 216 1948 .Piget
236 1899 379 1934 memorare
401 1885 541 1948 libertinos,
557 1884 601 1950 qui
622 1885 798 1948 opulentiores
817 1886 1021 1950 conspiciuntur.
1054 1886 1142 1937 Quare
1161 1885 1240 1935 etiam

101 1987 104 1992 ,
134 1949 231 2012 pudori
242 1949 305 1996 milri
317 1956 366 2011 est,
377 1949 446 2014 quod
463 1949 611 2013 potissimus
628 1963 724 2011 amore,
742 1949 856 1999 nondum
871 1964 959 2000 omnes
976 1949 1068 2013 opibus
1084 1948 1240 2014 fastigioqne

133 2027 361 2126 exiilgriiritsirdhuc
373 2075 421 2125 tibi
432 2075 524 2126 vividn'
535 2081 609 2139 aetas,
626 2091 674 2139 par
687 2077 737 2126 inec
746 2076 841 2140 opibus
859 2084 888 2126 et
905 2075 1023 2127 t’rnitioni
1041 2092 1129 2144 opum,
1147 2083 1175 2126 et
1191 2091 1239 2127 nos

132 2138 220 2203 prima
232 2140 394 2205 principatus
406 2146 525 2204 tempora
535 2140 706 2204 decurrimus,
724 2141 774 2190 nisi
793 2141 879 2192 forsan
896 2148 923 2191 te
934 2140 1070 2208 anteponis
1076 2138 1185 2192 Vitellio
1197 2149 1239 2226 ter

598 2270 745 2290 OOOOOOOOOO
746 2269 777 2290 Ν

130 2349 174 2400 sit.
209 2349 413 2416 Omittipotest.
443 2351 602 2402 Brutine-d
620 2315 736 2402 Obnont'oe
747 2353 790 2402 ed.
801 2356 891 2416 pr.—7
908 2351 1002 2412 inferre
1014 2351 1056 2402 Id.

641 2461 750 2551 noun

161 2606 174 2641 ἱ
190 2608 295 2657 AEternn
306 2608 386 2675 erum]
402 2607 464 2659 Non
475 2609 587 2660 fortunae
600 2610 664 2660 casi-
704 2624 747 2661 ro:
765 2624 836 2675 srepe
854 2608 980 2673 reciproci
999 2615 1059 2658 sunt
1078 2608 1143 2659 tales
1158 2606 1239 2659 affec·

126 2682 664 2749 bnsobuexinsunt,utvillae,horti,opes
704 2692 755 2735 tns.
787 2685 880 2751 Itaque
899 2686 1033 2750 precipuus
1051 2684 1162 2735 caritate.
1188 2686 1235 2734 Be·

127 2763 156 2806 et
167 2764 271 2821 cetera,
283 2774 340 2823 quae
354 2759 400 2809 tibi
410 2760 518 2823 largitus
529 2764 600 2809 sum':
619 2760 664 2809 bo·
703 2776 778 2825 neca,
788 2762 848 2825 qnia
858 2762 960 2810 arnnbat
969 2758 1114 2825 principem
1123 2764 1151 2809 et
1160 2758 1235 2809 vicis·

126 2847 161 2883 ne
179 2834 239 2883 lraec
260 2834 337 2883 animi
359 2834 473 2884 certiora
490 2832 663 2900 solidioraque
703 2838 919 2898 simpamabatura
934 2837 1068 2901 principe:
1084 2850 1130 2884 sen
1147 2836 1234 2898 potins

125 2924 207 2973 qnam
234 2907 348 2959 fortunae
370 2924 447 2974 opes:
474 2908 663 2974 oeternn'ernnt,
702 2910 851 2976 fingebatur
861 2913 941 2961 amari
957 2913 1030 2961 boore
1040 2910 1122 2973 frugis
1133 2909 1234 2959 consul·
1340 2927 1343 2933 ’

124 2998 224 3048 nempe
243 2985 365 3048 quamdiu
382 2986 436 3035 vita
454 2986 579 3047 manebit,
598 2994 663 3036 tarn·
703 2994 755 3051 tor,
765 2988 874 3053 ideoque
885 2988 1053 3051 importunus.

124 3058 171 3110 din
184 3059 329 3109 manebunt
341 3075 448 3110 munera
458 3067 486 3110 et
497 3062 590 3111 merita
601 3069 660 3112 tua:
734 3072 747 3097 ¹¹
764 3063 905 3124 Etfrnrtm'
921 3078 999 3112 rmum
1008 3058 1135 3125 mffleiens]
1160 3059 1232 3112 Quid

121 3134 252 3185 meruitne
265 3136 307 3185 iric
320 3136 662 3199 proaevohomiuisiutelli·
700 3140 764 3189 illud
786 3140 894 3189 monstri
914 3138 973 3187 est?
1001 3150 1064 3185 sane
1091 3134 1232 3199 scripserat

123 3210 207 3275 gitur.
693 3214 801 3277 sunam,
817 3214 844 3263 id
856 3218 906 3279 est,
917 3212 1056 3277 iungendis
1068 3210 1153 3261 rebus.
1181 3210 1232 3261 He·

154 3284 162 3318 ¹
184 3286 331 3352 Terruerunt]
346 3288 470 3349 Verrunt,
480 3289 552 3359 quasi
567 3303 611 3338 eas
622 3288 659 3336 di·
698 3292 789 3340 raldus.

121 3360 546 3413 vitiesobtiunissentaNeroue:
563 3378 614 3413 non
631 3364 658 3413 id
731 3367 815 3417 Immo
836 3365 938 3427 frmi,
963 3370 1005 3414 est
1026 3362 1153 3424 fruitioni,
1183 3366 1230 3412 ant

120 3437 192 3488 dicit
203 3438 283 3487 Nero.
316 3439 398 3488 Immo
407 3440 484 3489 sumit
495 3439 613 3503 exempla
625 3440 657 3489 ab
699 3442 803 3491 fruendi
823 3441 951 3491 facultati.
985 3440 1102 3489 Validam
1123 3440 1230 3489 Seneca

118 3512 658 3581 hominibus,qnosnonnovitipse,uempe
700 3524 806 3568 aetatem
820 3522 968 3581 tappetere
985 3516 1059 3578 dicit,
1078 3529 1129 3563 uon
1147 3514 1230 3564 solum

117 3603 135 3637 a
146 3588 262 3638 Volusio
272 3596 300 3638 et
310 3590 424 3641 Vitellio.
485 3601 487 3605 ·
700 3593 732 3642 ed
741 3608 784 3643 res
793 3608 852 3643 suas
861 3591 1085 3654 administrandas,
1094 3590 1140 3639 sed
1150 3590 1229 3640 etiarn

108 3720 111 3725 ¹
152 3664 285 3728 Loquitur
305 3666 347 3715 lrlc
369 3666 396 3715 in
417 3681 521 3730 genere.
563 3668 658 3732 Neque
691 3666 887 3735 adimendas.
924 3668 1038 3718 invenes
1059 3668 1128 3716 euim
1149 3666 1230 3731 magis

115 3740 265 3791 verisimile
277 3747 318 3790 est
328 3741 439 3805 aliquem
450 3748 505 3791 turn
516 3741 598 3792 t‘uisse
607 3758 658 3792 me·
697 3742 749 3793 frui
766 3750 875 3807 possunt
889 3744 980 3807 opllrns
996 3743 1048 3791 suis
1059 3756 1136 3806 quem
1145 3744 1229 3805 senes,

110 3816 221 3881 juribus
233 3817 503 3879 opibus-cumulatum
516 3820 657 3884 aNe'rone,
689 3817 827 3883 ¹iidemque
838 3818 870 3867 iis
887 3819 1044 3869 sustinendis
1061 3816 1227 3881 magis-soffi-

115 3906 200 3957 qnam
213 3891 297 3953 ipsum
308 3892 442 3942 Senecam.
697 3895 778 3956 ciunt,
784 3909 860 3959 quarn
869 3894 912 3959 qui
922 3897 992 3942 aenio
998 3892 1150 3943 infirmiores
1158 3887 1226 3946 sunt,

147 3974 169 4000 ¹¹
183 3966 443 4030 Proeeipnuscoritnta]
460 3968 537 4021 Quod
548 3969 657 4020 dentre·
728 3970 865 4019 Terentius
883 3969 979 4018 licant.
1002 3970 1105 4021 ‘Quem
1127 3963 1226 4030 pariter

115 4057 171 4108 qne
183 4042 297 4105 intelligi
310 4042 514 4106 potestett'orte
523 4045 614 4105 debet,
622 4046 655 4097 de
683 4045 735 4094 vlrls
758 4044 796 4094 nti
818 4044 916 4106 decuit,
938 4051 984 4093 ant
1009 4044 1088 4093 etiam
1109 4040 1227 4105 amplius,

114 4119 240 4182 Nerone,
256 4132 360 4183 nempe,
375 4125 402 4169 et
413 4119 527 4183 Seneca;
544 4122 618 4185 qnasi
629 4136 656 4171 a·
696 4120 774 4173 Quod
790 4120 835 4185 illa
847 4126 912 4171 artas
921 4119 1002 4182 magis
1013 4119 1046 4167 erl
1062 4117 1118 4165 lraec
1128 4115 1226 4165 utenda
1241 4136 1247 4148 ·

112 4200 240 4246 meretur
249 4193 450 4261 redamaretque
466 4195 592 4270 Senecam
603 4198 656 4249 Ne·
694 4196 789 4249 idonea
808 4194 868 4248 est.'
900 4193 994 4246 Cicero
1015 4192 1049 4243 de
1063 4189 1224 4243 Senectute:
