<?xml version="1.0" encoding="UTF-8"?>
<!DOCTYPE html PUBLIC "-//W3C//DTD XHTML 1.0 Transitional//EN"
    "http://www.w3.org/TR/xhtml1/DTD/xhtml1-transitional.dtd">
<html xmlns="http://www.w3.org/1999/xhtml" xml:lang="en" lang="en">
 <head>
  <title>
</title>
<meta http-equiv="Content-Type" content="text/html;charset=utf-8" />
  <meta name='ocr-system' content='tesseract 3.04.00' />
  <meta name='ocr-capabilities' content='ocr_page ocr_carea ocr_par ocr_line ocrx_word'/>
</head>
<body>
  <div class='ocr_page' id='page_1' title='image "./ccorneliitaciti03unkngoog_0426.png"; bbox 0 0 2984 4850; ppageno 0'>
   <div class='ocr_carea' id='block_1_1' title="bbox 219 364 1316 449">
    <p class='ocr_par' dir='ltr' id='par_1_1' title="bbox 219 364 1316 449">
     <span class='ocr_line' id='line_1_1' title="bbox 219 364 1316 449; baseline 0.015 -27"><span class='ocrx_word' id='word_1_1' title='bbox 219 364 309 431; x_wconf 65' lang='grc' dir='ltr'><strong>ΞΜ</strong></span> <span class='ocrx_word' id='word_1_2' title='bbox 566 382 599 428; x_wconf 79' lang='lat' dir='ltr'><strong>(l.</strong></span> <span class='ocrx_word' id='word_1_3' title='bbox 622 374 801 448; x_wconf 63' lang='lat' dir='ltr'><strong>(millioli</strong></span> <span class='ocrx_word' id='word_1_4' title='bbox 824 377 950 427; x_wconf 68' lang='lat' dir='ltr'><strong>taetri</strong></span> <span class='ocrx_word' id='word_1_5' title='bbox 1157 384 1204 449; x_wconf 71' lang='lat' dir='ltr'><strong>[ob.</strong></span> <span class='ocrx_word' id='word_1_6' title='bbox 1214 388 1248 437; x_wconf 82' lang='lat' dir='ltr'><strong>tl.</strong></span> <span class='ocrx_word' id='word_1_7' title='bbox 1258 392 1316 440; x_wconf 71' lang='grc'><strong>819.</strong></span> 
     </span>
    </p>
   </div>
   <div class='ocr_carea' id='block_1_2' title="bbox 220 518 1319 1005">
    <p class='ocr_par' dir='ltr' id='par_1_2' title="bbox 220 518 1319 1005">
     <span class='ocr_line' id='line_1_2' title="bbox 220 518 1317 605; baseline 0.007 -25"><span class='ocrx_word' id='word_1_8' title='bbox 220 526 313 589; x_wconf 70' lang='lat' dir='ltr'><strong>oum⁴</strong></span> <span class='ocrx_word' id='word_1_9' title='bbox 339 518 516 602; x_wconf 56' lang='lat' dir='ltr'><strong>monam</strong></span> <span class='ocrx_word' id='word_1_10' title='bbox 544 518 634 603; x_wconf 85' lang='lat' dir='ltr'><strong>apud</strong></span> <span class='ocrx_word' id='word_1_11' title='bbox 661 518 856 601; x_wconf 86' lang='lat' dir='ltr'><strong>capitolium</strong></span> <span class='ocrx_word' id='word_1_12' title='bbox 884 519 1054 597; x_wconf 75' lang='lat' dir='ltr'><strong>saturavit,¹</strong></span> <span class='ocrx_word' id='word_1_13' title='bbox 1081 521 1317 605; x_wconf 75' lang='lat' dir='ltr'><strong>inscripsitque</strong></span> 
     </span>
     <span class='ocr_line' id='line_1_3' title="bbox 222 618 1319 705; baseline 0.002 -19"><span class='ocrx_word' id='word_1_14' title='bbox 222 638 304 686; x_wconf 71' lang='lat' dir='ltr'><strong>sorr</strong></span> <span class='ocrx_word' id='word_1_15' title='bbox 338 626 509 681; x_wconf 69' lang='lat' dir='ltr'><strong>visuros·</strong></span> <span class='ocrx_word' id='word_1_16' title='bbox 556 618 597 681; x_wconf 87' lang='lat' dir='ltr'><strong>ln</strong></span> <span class='ocrx_word' id='word_1_17' title='bbox 623 638 774 701; x_wconf 80' lang='lat' dir='ltr'><strong>praesens</strong></span> <span class='ocrx_word' id='word_1_18' title='bbox 798 618 887 682; x_wconf 88' lang='lat' dir='ltr'><strong>haud</strong></span> <span class='ocrx_word' id='word_1_19' title='bbox 912 620 1212 688; x_wconf 79' lang='lat' dir='ltr'><strong>animadversum:¹’</strong></span> <span class='ocrx_word' id='word_1_20' title='bbox 1238 630 1319 705; x_wconf 84' lang='lat' dir='ltr'><strong>post</strong></span> 
     </span>
     <span class='ocr_line' id='line_1_4' title="bbox 222 719 1316 802; baseline -0.002 -15"><span class='ocrx_word' id='word_1_21' title='bbox 222 740 315 787; x_wconf 87' lang='lat' dir='ltr'><strong>arma</strong></span> <span class='ocrx_word' id='word_1_22' title='bbox 335 720 418 783; x_wconf 86' lang='lat' dir='ltr'><strong>Julii</strong></span> <span class='ocrx_word' id='word_1_23' title='bbox 440 720 606 796; x_wconf 75' lang='lat' dir='ltr'><strong>Vindicio,</strong></span> <span class='ocrx_word' id='word_1_24' title='bbox 634 719 678 781; x_wconf 89' lang='lat' dir='ltr'><strong>ad</strong></span> <span class='ocrx_word' id='word_1_25' title='bbox 700 720 890 801; x_wconf 76' lang='lat' dir='ltr'><strong>auspicium</strong></span> <span class='ocrx_word' id='word_1_26' title='bbox 913 725 947 781; x_wconf 89' lang='lat' dir='ltr'><strong>et</strong></span> <span class='ocrx_word' id='word_1_27' title='bbox 973 722 1171 802; x_wconf 71' lang='lat' dir='ltr'><strong>praesagium</strong></span> <span class='ocrx_word' id='word_1_28' title='bbox 1197 723 1316 787; x_wconf 79' lang='lat' dir='ltr'><strong>futurae</strong></span> 
     </span>
     <span class='ocr_line' id='line_1_5' title="bbox 222 820 1318 902; baseline 0 -16"><span class='ocrx_word' id='word_1_29' title='bbox 222 824 365 886; x_wconf 71' lang='lat' dir='ltr'><strong>ultionis⁶</strong></span> <span class='ocrx_word' id='word_1_30' title='bbox 379 822 574 884; x_wconf 77' lang='lat' dir='ltr'><strong>trahebatur.</strong></span> <span class='ocrx_word' id='word_1_31' title='bbox 619 820 763 902; x_wconf 83' lang='lat' dir='ltr'><strong>Reperio</strong></span> <span class='ocrx_word' id='word_1_32' title='bbox 778 822 812 881; x_wconf 94' lang='lat' dir='ltr'><strong>in</strong></span> <span class='ocrx_word' id='word_1_33' title='bbox 826 822 1066 884; x_wconf 85' lang='lat' dir='ltr'><strong>commentariis</strong></span> <span class='ocrx_word' id='word_1_34' title='bbox 1088 822 1239 900; x_wconf 70' lang='lat' dir='ltr'><strong>Senatus,</strong></span> <span class='ocrx_word' id='word_1_35' title='bbox 1255 822 1318 886; x_wconf 84' lang='lat' dir='ltr'><strong>Ce-</strong></span> 
     </span>
     <span class='ocr_line' id='line_1_6' title="bbox 221 916 1319 1005; baseline -0.001 -18"><span class='ocrx_word' id='word_1_36' title='bbox 221 923 336 987; x_wconf 87' lang='lat' dir='ltr'><strong>rialem</strong></span> <span class='ocrx_word' id='word_1_37' title='bbox 350 920 517 1003; x_wconf 81' lang='lat' dir='ltr'><strong>Anicium,</strong></span> <span class='ocrx_word' id='word_1_38' title='bbox 529 916 712 985; x_wconf 78' lang='lat' dir='ltr'><strong>&#39;Consulem</strong></span> <span class='ocrx_word' id='word_1_39' title='bbox 726 920 946 1005; x_wconf 75' lang='lat' dir='ltr'><strong>designatum,</strong></span> <span class='ocrx_word' id='word_1_40' title='bbox 960 940 1022 1003; x_wconf 90' lang='lat' dir='ltr'><strong>pro</strong></span> <span class='ocrx_word' id='word_1_41' title='bbox 1036 924 1196 985; x_wconf 84' lang='lat' dir='ltr'><strong>sententia</strong></span> <span class='ocrx_word' id='word_1_42' title='bbox 1214 922 1319 987; x_wconf 81' lang='lat' dir='ltr'><strong>dixis-</strong></span> 
     </span>
    </p>
   </div>
   <div class='ocr_carea' id='block_1_3' title="bbox 222 1082 1324 1276">
    <p class='ocr_par' dir='ltr' id='par_1_3' title="bbox 222 1082 1324 1276">
     <span class='ocr_line' id='line_1_7' title="bbox 224 1082 1323 1148; baseline -0.003 -13"><span class='ocrx_word' id='word_1_43' title='bbox 224 1085 296 1135; x_wconf 87' lang='lat' dir='ltr'><strong>Nero</strong></span> <span class='ocrx_word' id='word_1_44' title='bbox 303 1086 363 1135; x_wconf 74' lang='lat' dir='ltr'><strong>lass</strong></span> <span class='ocrx_word' id='word_1_45' title='bbox 371 1087 478 1148; x_wconf 73' lang='lat' dir='ltr'><strong>gladium</strong></span> <span class='ocrx_word' id='word_1_46' title='bbox 485 1084 574 1133; x_wconf 85' lang='lat' dir='ltr'><strong>dicauit</strong></span> <span class='ocrx_word' id='word_1_47' title='bbox 583 1084 609 1132; x_wconf 84' lang='lat' dir='ltr'><strong>in</strong></span> <span class='ocrx_word' id='word_1_48' title='bbox 620 1083 745 1145; x_wconf 83' lang='lat' dir='ltr'><strong>Capitolio,</strong></span> <span class='ocrx_word' id='word_1_49' title='bbox 757 1088 781 1131; x_wconf 87' lang='lat' dir='ltr'><strong>et</strong></span> <span class='ocrx_word' id='word_1_50' title='bbox 792 1082 911 1144; x_wconf 69' lang='lat' dir='ltr'><strong>inscripsit</strong></span> <span class='ocrx_word' id='word_1_51' title='bbox 921 1094 986 1130; x_wconf 81' lang='lat' dir='ltr'><strong>sorr</strong></span> <span class='ocrx_word' id='word_1_52' title='bbox 997 1092 1116 1146; x_wconf 73' lang='lat' dir='ltr'><strong>nautor.</strong></span> <span class='ocrx_word' id='word_1_53' title='bbox 1134 1083 1204 1139; x_wconf 77' lang='lat' dir='ltr'><strong>Quod</strong></span> <span class='ocrx_word' id='word_1_54' title='bbox 1213 1088 1268 1131; x_wconf 76' lang='lat' dir='ltr'><strong>isso</strong></span> <span class='ocrx_word' id='word_1_55' title='bbox 1275 1098 1323 1132; x_wconf 78' lang='lat' dir='ltr'><strong>sos</strong></span> 
     </span>
     <span class='ocr_line' id='line_1_8' title="bbox 222 1146 1321 1211; baseline -0.002 -13"><span class='ocrx_word' id='word_1_56' title='bbox 222 1150 353 1211; x_wconf 74' lang='lat' dir='ltr'><strong>adaman,</strong></span> <span class='ocrx_word' id='word_1_57' title='bbox 362 1152 402 1198; x_wconf 81' lang='lat' dir='ltr'><strong>sel</strong></span> <span class='ocrx_word' id='word_1_58' title='bbox 419 1154 471 1211; x_wconf 83' lang='lat' dir='ltr'><strong>post</strong></span> <span class='ocrx_word' id='word_1_59' title='bbox 486 1152 596 1197; x_wconf 78' lang='lat' dir='ltr'><strong>exortam</strong></span> <span class='ocrx_word' id='word_1_60' title='bbox 607 1147 691 1195; x_wconf 88' lang='lat' dir='ltr'><strong>bellum</strong></span> <span class='ocrx_word' id='word_1_61' title='bbox 708 1148 773 1195; x_wconf 76' lang='lat' dir='ltr'><strong>lolii</strong></span> <span class='ocrx_word' id='word_1_62' title='bbox 788 1146 903 1205; x_wconf 79' lang='lat' dir='ltr'><strong>Vindicis,</strong></span> <span class='ocrx_word' id='word_1_63' title='bbox 919 1148 984 1193; x_wconf 76' lang='lat' dir='ltr'><strong>velot</strong></span> <span class='ocrx_word' id='word_1_64' title='bbox 998 1161 1065 1193; x_wconf 82' lang='lat' dir='ltr'><strong>omes</strong></span> <span class='ocrx_word' id='word_1_65' title='bbox 1075 1151 1099 1193; x_wconf 84' lang='lat' dir='ltr'><strong>et</strong></span> <span class='ocrx_word' id='word_1_66' title='bbox 1109 1147 1321 1206; x_wconf 73' lang='lat' dir='ltr'><strong>ostmtarafataroe</strong></span> 
     </span>
     <span class='ocr_line' id='line_1_9' title="bbox 222 1211 1324 1276; baseline -0.008 -15"><span class='ocrx_word' id='word_1_67' title='bbox 222 1214 332 1263; x_wconf 58' lang='lat' dir='ltr'><strong>aalma</strong></span> <span class='ocrx_word' id='word_1_68' title='bbox 343 1212 565 1276; x_wconf 78' lang='lat' dir='ltr'><strong>interpretabantur.</strong></span> <span class='ocrx_word' id='word_1_69' title='bbox 600 1213 696 1259; x_wconf 76' lang='lat' dir='ltr'><strong>Invenio</strong></span> <span class='ocrx_word' id='word_1_70' title='bbox 706 1214 768 1273; x_wconf 74' lang='lat' dir='ltr'><strong>apati</strong></span> <span class='ocrx_word' id='word_1_71' title='bbox 775 1213 838 1259; x_wconf 78' lang='lat' dir='ltr'><strong>Actu</strong></span> <span class='ocrx_word' id='word_1_72' title='bbox 848 1216 952 1271; x_wconf 74' lang='lat' dir='ltr'><strong>miso,</strong></span> <span class='ocrx_word' id='word_1_73' title='bbox 965 1211 1082 1257; x_wconf 74' lang='lat' dir='ltr'><strong>Cerialem</strong></span> <span class='ocrx_word' id='word_1_74' title='bbox 1092 1211 1204 1259; x_wconf 73' lang='lat' dir='ltr'><strong>Anicium</strong></span> <span class='ocrx_word' id='word_1_75' title='bbox 1213 1212 1324 1272; x_wconf 60' lang='lat' dir='ltr'><strong>defigas.</strong></span> 
     </span>
    </p>
   </div>
   <div class='ocr_carea' id='block_1_4' title="bbox 685 1333 863 1353">
    <p class='ocr_par' dir='ltr' id='par_1_4' title="bbox 685 1333 863 1353">
     <span class='ocr_line' id='line_1_10' title="bbox 685 1333 863 1353; baseline -0.011 0"><span class='ocrx_word' id='word_1_76' title='bbox 685 1333 863 1353; x_wconf 65' lang='lat' dir='ltr'><strong>”nunnae</strong></span> 
     </span>
    </p>
   </div>
   <div class='ocr_carea' id='block_1_5' title="bbox 225 1416 1326 1581">
    <p class='ocr_par' dir='ltr' id='par_1_5' title="bbox 225 1416 1326 1581">
     <span class='ocr_line' id='line_1_11' title="bbox 225 1416 1326 1483; baseline -0.002 -14"><span class='ocrx_word' id='word_1_77' title='bbox 225 1432 304 1469; x_wconf 80' lang='lat' dir='ltr'><strong>mero.</strong></span> <span class='ocrx_word' id='word_1_78' title='bbox 327 1420 495 1483; x_wconf 83' lang='lat' dir='ltr'><strong>Puteolanus,</strong></span> <span class='ocrx_word' id='word_1_79' title='bbox 513 1421 699 1482; x_wconf 35' lang='lat' dir='ltr'><strong>mammon-l</strong></span> <span class='ocrx_word' id='word_1_80' title='bbox 716 1418 768 1467; x_wconf 91' lang='lat' dir='ltr'><strong>Ms.</strong></span> <span class='ocrx_word' id='word_1_81' title='bbox 788 1416 853 1480; x_wconf 74' lang='lat' dir='ltr'><strong>leeg.</strong></span> <span class='ocrx_word' id='word_1_82' title='bbox 869 1418 920 1481; x_wconf 85' lang='lat' dir='ltr'><strong>ipse</strong></span> <span class='ocrx_word' id='word_1_83' title='bbox 939 1418 1058 1468; x_wconf 72' lang='lat' dir='ltr'><strong>euim—⁵</strong></span> <span class='ocrx_word' id='word_1_84' title='bbox 1080 1418 1114 1466; x_wconf 85' lang='lat' dir='ltr'><strong>Ut</strong></span> <span class='ocrx_word' id='word_1_85' title='bbox 1130 1418 1206 1467; x_wconf 87' lang='lat' dir='ltr'><strong>abest</strong></span> <span class='ocrx_word' id='word_1_86' title='bbox 1222 1434 1238 1467; x_wconf 94' lang='lat' dir='ltr'><strong>a</strong></span> <span class='ocrx_word' id='word_1_87' title='bbox 1257 1418 1326 1469; x_wconf 80' lang='lat' dir='ltr'><strong>Mos.</strong></span> 
     </span>
     <span class='ocr_line' id='line_1_12' title="bbox 720 1531 830 1581; baseline -0.027 0"><span class='ocrx_word' id='word_1_88' title='bbox 720 1531 830 1581; x_wconf 82' lang='lat' dir='ltr'>NOTAE</span> 
     </span>
    </p>
   </div>
   <div class='ocr_carea' id='block_1_6' title="bbox 167 1636 1342 4262">
    <p class='ocr_par' dir='ltr' id='par_1_6' title="bbox 167 1636 1342 4262">
     <span class='ocr_line' id='line_1_13' title="bbox 226 1636 1326 1701; baseline 0.002 -16"><span class='ocrx_word' id='word_1_89' title='bbox 226 1636 327 1701; x_wconf 80' lang='lat' dir='ltr'><strong>giouem</strong></span> <span class='ocrx_word' id='word_1_90' title='bbox 352 1638 450 1701; x_wconf 88' lang='lat' dir='ltr'><strong>templo</strong></span> <span class='ocrx_word' id='word_1_91' title='bbox 473 1638 568 1687; x_wconf 88' lang='lat' dir='ltr'><strong>Salutis</strong></span> <span class='ocrx_word' id='word_1_92' title='bbox 591 1638 617 1685; x_wconf 92' lang='lat' dir='ltr'><strong>in</strong></span> <span class='ocrx_word' id='word_1_93' title='bbox 641 1639 755 1697; x_wconf 84' lang='lat' dir='ltr'><strong>Etruria,</strong></span> <span class='ocrx_word' id='word_1_94' title='bbox 795 1636 828 1686; x_wconf 89' lang='lat' dir='ltr'><strong>ad</strong></span> <span class='ocrx_word' id='word_1_95' title='bbox 851 1636 1005 1699; x_wconf 78' lang='lat' dir='ltr'><strong>praesagium</strong></span> <span class='ocrx_word' id='word_1_96' title='bbox 1025 1643 1053 1685; x_wconf 90' lang='lat' dir='ltr'><strong>et</strong></span> <span class='ocrx_word' id='word_1_97' title='bbox 1071 1636 1211 1700; x_wconf 76' lang='lat' dir='ltr'><strong>auspicium</strong></span> <span class='ocrx_word' id='word_1_98' title='bbox 1228 1636 1326 1687; x_wconf 80' lang='lat' dir='ltr'><strong>futurae</strong></span> 
     </span>
     <span class='ocr_line' id='line_1_14' title="bbox 227 1711 1327 1775; baseline 0 -15"><span class='ocrx_word' id='word_1_99' title='bbox 227 1712 281 1760; x_wconf 81' lang='lat' dir='ltr'><strong>sire</strong></span> <span class='ocrx_word' id='word_1_100' title='bbox 300 1720 329 1761; x_wconf 86' lang='lat' dir='ltr'><strong>ut</strong></span> <span class='ocrx_word' id='word_1_101' title='bbox 351 1713 394 1761; x_wconf 84' lang='lat' dir='ltr'><strong>alil</strong></span> <span class='ocrx_word' id='word_1_102' title='bbox 412 1714 553 1775; x_wconf 78' lang='lat' dir='ltr'><strong>tradidere,</strong></span> <span class='ocrx_word' id='word_1_103' title='bbox 564 1715 696 1771; x_wconf 81' lang='lat' dir='ltr'><strong>Fortunae,</strong></span> <span class='ocrx_word' id='word_1_104' title='bbox 709 1714 756 1761; x_wconf 85' lang='lat' dir='ltr'><strong>Fe·</strong></span> <span class='ocrx_word' id='word_1_105' title='bbox 795 1712 910 1772; x_wconf 91' lang='lat' dir='ltr'><strong>ultionis,</strong></span> <span class='ocrx_word' id='word_1_106' title='bbox 921 1726 952 1759; x_wconf 87' lang='lat' dir='ltr'><strong>ac</strong></span> <span class='ocrx_word' id='word_1_107' title='bbox 963 1712 1028 1761; x_wconf 85' lang='lat' dir='ltr'><strong>Julii</strong></span> <span class='ocrx_word' id='word_1_108' title='bbox 1047 1711 1165 1761; x_wconf 90' lang='lat' dir='ltr'><strong>Vindicis</strong></span> <span class='ocrx_word' id='word_1_109' title='bbox 1181 1726 1275 1760; x_wconf 86' lang='lat' dir='ltr'><strong>namen</strong></span> <span class='ocrx_word' id='word_1_110' title='bbox 1295 1726 1327 1760; x_wconf 89' lang='lat' dir='ltr'><strong>ac</strong></span> 
     </span>
     <span class='ocr_line' id='line_1_15' title="bbox 226 1786 1328 1854; baseline -0.004 -15"><span class='ocrx_word' id='word_1_111' title='bbox 226 1797 336 1839; x_wconf 72' lang='lat' dir='ltr'><strong>mutuno</strong></span> <span class='ocrx_word' id='word_1_112' title='bbox 356 1790 382 1837; x_wconf 92' lang='lat' dir='ltr'><strong>in</strong></span> <span class='ocrx_word' id='word_1_113' title='bbox 402 1790 497 1854; x_wconf 89' lang='lat' dir='ltr'><strong>oppido</strong></span> <span class='ocrx_word' id='word_1_114' title='bbox 519 1790 685 1850; x_wconf 84' lang='lat' dir='ltr'><strong>detraxerat,&#39;</strong></span> <span class='ocrx_word' id='word_1_115' title='bbox 705 1792 755 1838; x_wconf 77' lang='lat' dir='ltr'><strong>&amp;e</strong></span> <span class='ocrx_word' id='word_1_116' title='bbox 796 1786 958 1848; x_wconf 77' lang='lat' dir='ltr'><strong>res,t&#39;acilius</strong></span> <span class='ocrx_word' id='word_1_117' title='bbox 970 1787 1037 1836; x_wconf 88' lang='lat' dir='ltr'><strong>trabi</strong></span> <span class='ocrx_word' id='word_1_118' title='bbox 1051 1787 1155 1835; x_wconf 86' lang='lat' dir='ltr'><strong>taudem</strong></span> <span class='ocrx_word' id='word_1_119' title='bbox 1176 1792 1328 1850; x_wconf 86' lang='lat' dir='ltr'><strong>potuerunt.</strong></span> 
     </span>
     <span class='ocr_line' id='line_1_16' title="bbox 228 1862 958 1929; baseline -0.004 -15"><span class='ocrx_word' id='word_1_120' title='bbox 228 1865 281 1914; x_wconf 82' lang='lat' dir='ltr'><strong>Cur</strong></span> <span class='ocrx_word' id='word_1_121' title='bbox 293 1866 417 1929; x_wconf 88' lang='lat' dir='ltr'><strong>templum</strong></span> <span class='ocrx_word' id='word_1_122' title='bbox 434 1866 526 1928; x_wconf 85' lang='lat' dir='ltr'><strong>Saluti,</strong></span> <span class='ocrx_word' id='word_1_123' title='bbox 536 1866 557 1913; x_wconf 85' lang='lat' dir='ltr'><strong>si</strong></span> <span class='ocrx_word' id='word_1_124' title='bbox 564 1867 619 1929; x_wconf 87' lang='lat' dir='ltr'><strong>jam</strong></span> <span class='ocrx_word' id='word_1_125' title='bbox 631 1866 756 1929; x_wconf 87' lang='lat' dir='ltr'><strong>templum</strong></span> <span class='ocrx_word' id='word_1_126' title='bbox 797 1862 958 1911; x_wconf 79' lang='lat' dir='ltr'><strong>Bauloorrrius.</strong></span> 
     </span>
     <span class='ocr_line' id='line_1_17' title="bbox 228 1936 1330 2005; baseline -0.004 -14"><span class='ocrx_word' id='word_1_127' title='bbox 228 1940 427 1991; x_wconf 80' lang='lat' dir='ltr'><strong>Salutisfaitec</strong></span> <span class='ocrx_word' id='word_1_128' title='bbox 439 1942 505 2003; x_wconf 91' lang='lat' dir='ltr'><strong>laco,</strong></span> <span class='ocrx_word' id='word_1_129' title='bbox 516 1956 609 2005; x_wconf 83' lang='lat' dir='ltr'><strong>exque</strong></span> <span class='ocrx_word' id='word_1_130' title='bbox 621 1942 758 2005; x_wconf 83' lang='lat' dir='ltr'><strong>pugionem</strong></span> <span class='ocrx_word' id='word_1_131' title='bbox 830 1936 890 1985; x_wconf 76' lang='lat' dir='ltr'><strong>blo</strong></span> <span class='ocrx_word' id='word_1_132' title='bbox 913 1951 1017 2000; x_wconf 81' lang='lat' dir='ltr'><strong>presens</strong></span> <span class='ocrx_word' id='word_1_133' title='bbox 1042 1937 1106 1985; x_wconf 79' lang='lat' dir='ltr'><strong>baud</strong></span> <span class='ocrx_word' id='word_1_134' title='bbox 1128 1936 1330 1999; x_wconf 58' lang='lat' dir='ltr'><strong>meran]</strong></span> 
     </span>
     <span class='ocr_line' id='line_1_18' title="bbox 228 2014 1331 2079; baseline -0.001 -17"><span class='ocrx_word' id='word_1_135' title='bbox 228 2017 353 2079; x_wconf 80' lang='lat' dir='ltr'><strong>promsit?</strong></span> <span class='ocrx_word' id='word_1_136' title='bbox 796 2015 883 2063; x_wconf 89' lang='lat' dir='ltr'><strong>Multa</strong></span> <span class='ocrx_word' id='word_1_137' title='bbox 893 2014 935 2067; x_wconf 87' lang='lat' dir='ltr'><strong>bic</strong></span> <span class='ocrx_word' id='word_1_138' title='bbox 950 2014 1017 2060; x_wconf 89' lang='lat' dir='ltr'><strong>male</strong></span> <span class='ocrx_word' id='word_1_139' title='bbox 1028 2028 1059 2061; x_wconf 88' lang='lat' dir='ltr'><strong>ae</strong></span> <span class='ocrx_word' id='word_1_140' title='bbox 1076 2014 1168 2079; x_wconf 75' lang='lat' dir='ltr'><strong>misere</strong></span> <span class='ocrx_word' id='word_1_141' title='bbox 1182 2014 1277 2061; x_wconf 83' lang='lat' dir='ltr'><strong>miscet</strong></span> <span class='ocrx_word' id='word_1_142' title='bbox 1285 2028 1331 2075; x_wconf 88' lang='lat' dir='ltr'><strong>op·</strong></span> 
     </span>
     <span class='ocr_line' id='line_1_19' title="bbox 261 2088 1330 2154; baseline -0.002 -15"><span class='ocrx_word' id='word_1_143' title='bbox 261 2090 312 2139; x_wconf 85' lang='lat' dir='ltr'><strong>Sed</strong></span> <span class='ocrx_word' id='word_1_144' title='bbox 323 2092 379 2139; x_wconf 84' lang='lat' dir='ltr'><strong>baec</strong></span> <span class='ocrx_word' id='word_1_145' title='bbox 389 2093 474 2139; x_wconf 86' lang='lat' dir='ltr'><strong>omnia</strong></span> <span class='ocrx_word' id='word_1_146' title='bbox 490 2106 537 2154; x_wconf 89' lang='lat' dir='ltr'><strong>per</strong></span> <span class='ocrx_word' id='word_1_147' title='bbox 548 2092 759 2151; x_wconf 87' lang='lat' dir='ltr'><strong>assentationem,</strong></span> <span class='ocrx_word' id='word_1_148' title='bbox 797 2090 875 2138; x_wconf 86' lang='lat' dir='ltr'><strong>timus</strong></span> <span class='ocrx_word' id='word_1_149' title='bbox 894 2089 1019 2135; x_wconf 87' lang='lat' dir='ltr'><strong>Maurus:</strong></span> <span class='ocrx_word' id='word_1_150' title='bbox 1044 2088 1090 2135; x_wconf 88' lang='lat' dir='ltr'><strong>sed</strong></span> <span class='ocrx_word' id='word_1_151' title='bbox 1110 2102 1185 2135; x_wconf 87' lang='lat' dir='ltr'><strong>error</strong></span> <span class='ocrx_word' id='word_1_152' title='bbox 1200 2090 1330 2151; x_wconf 81' lang='lat' dir='ltr'><strong>capitalis,</strong></span> 
     </span>
     <span class='ocr_line' id='line_1_20' title="bbox 167 2159 1329 2229; baseline -0.003 -16"><span class='ocrx_word' id='word_1_153' title='bbox 167 2160 197 2225; x_wconf 34' lang='grc' dir='ltr'><strong>’χ</strong></span> <span class='ocrx_word' id='word_1_154' title='bbox 217 2159 285 2229; x_wconf 61' lang='lat' dir='ltr'><strong>&#39;quae</strong></span> <span class='ocrx_word' id='word_1_155' title='bbox 300 2179 331 2213; x_wconf 90' lang='lat' dir='ltr'><strong>eo</strong></span> <span class='ocrx_word' id='word_1_156' title='bbox 350 2166 427 2213; x_wconf 86' lang='lat' dir='ltr'><strong>eitius</strong></span> <span class='ocrx_word' id='word_1_157' title='bbox 442 2180 502 2214; x_wconf 86' lang='lat' dir='ltr'><strong>mox</strong></span> <span class='ocrx_word' id='word_1_158' title='bbox 517 2166 695 2227; x_wconf 84' lang='lat' dir='ltr'><strong>obliterantur,</strong></span> <span class='ocrx_word' id='word_1_159' title='bbox 707 2178 757 2228; x_wconf 90' lang='lat' dir='ltr'><strong>qun</strong></span> <span class='ocrx_word' id='word_1_160' title='bbox 797 2161 914 2210; x_wconf 86' lang='lat' dir='ltr'><strong>Vindicis</strong></span> <span class='ocrx_word' id='word_1_161' title='bbox 927 2166 1026 2209; x_wconf 88' lang='lat' dir='ltr'><strong>motum</strong></span> <span class='ocrx_word' id='word_1_162' title='bbox 1044 2162 1169 2223; x_wconf 78' lang='lat' dir='ltr'><strong>assignari</strong></span> <span class='ocrx_word' id='word_1_163' title='bbox 1187 2176 1265 2224; x_wconf 88' lang='lat' dir='ltr'><strong>anno,</strong></span> <span class='ocrx_word' id='word_1_164' title='bbox 1277 2178 1329 2227; x_wconf 83' lang='lat' dir='ltr'><strong>quo</strong></span> 
     </span>
     <span class='ocr_line' id='line_1_21' title="bbox 229 2234 1330 2305; baseline -0.003 -17"><span class='ocrx_word' id='word_1_165' title='bbox 229 2242 255 2289; x_wconf 88' lang='lat' dir='ltr'><strong>in</strong></span> <span class='ocrx_word' id='word_1_166' title='bbox 268 2256 382 2304; x_wconf 68' lang='lat' dir='ltr'><strong>museus</strong></span> <span class='ocrx_word' id='word_1_167' title='bbox 393 2240 545 2305; x_wconf 78' lang='lat' dir='ltr'><strong>flagrantior</strong></span> <span class='ocrx_word' id='word_1_168' title='bbox 555 2250 595 2292; x_wconf 92' lang='lat' dir='ltr'><strong>est</strong></span> <span class='ocrx_word' id='word_1_169' title='bbox 605 2242 728 2291; x_wconf 83' lang='lat' dir='ltr'><strong>adulatio.</strong></span> <span class='ocrx_word' id='word_1_170' title='bbox 798 2236 855 2286; x_wconf 89' lang='lat' dir='ltr'><strong>Caii</strong></span> <span class='ocrx_word' id='word_1_171' title='bbox 865 2234 1002 2299; x_wconf 79' lang='lat' dir='ltr'><strong>Vipsanius</strong></span> <span class='ocrx_word' id='word_1_172' title='bbox 1012 2241 1041 2283; x_wconf 89' lang='lat' dir='ltr'><strong>et</strong></span> <span class='ocrx_word' id='word_1_173' title='bbox 1050 2236 1175 2298; x_wconf 81' lang='lat' dir='ltr'><strong>Fonteius</strong></span> <span class='ocrx_word' id='word_1_174' title='bbox 1187 2236 1261 2285; x_wconf 83' lang='lat' dir='ltr'><strong>Coss.</strong></span> <span class='ocrx_word' id='word_1_175' title='bbox 1273 2236 1330 2285; x_wconf 83' lang='lat' dir='ltr'><strong>fue·</strong></span> 
     </span>
     <span class='ocr_line' id='line_1_22' title="bbox 262 2316 1292 2377; baseline 0.001 -12"><span class='ocrx_word' id='word_1_176' title='bbox 262 2316 320 2367; x_wconf 87' lang='lat' dir='ltr'><strong>Nee</strong></span> <span class='ocrx_word' id='word_1_177' title='bbox 341 2318 528 2366; x_wconf 79' lang='lat' dir='ltr'><strong>conveniebant</strong></span> <span class='ocrx_word' id='word_1_178' title='bbox 546 2319 624 2367; x_wconf 86' lang='lat' dir='ltr'><strong>etiam</strong></span> <span class='ocrx_word' id='word_1_179' title='bbox 645 2324 707 2377; x_wconf 88' lang='lat' dir='ltr'><strong>tum,</strong></span> <span class='ocrx_word' id='word_1_180' title='bbox 726 2331 759 2365; x_wconf 91' lang='lat' dir='ltr'><strong>au</strong></span> <span class='ocrx_word' id='word_1_181' title='bbox 799 2318 869 2360; x_wconf 76' lang='lat' dir='ltr'><strong>runt·</strong></span> <span class='ocrx_word' id='word_1_182' title='bbox 1289 2320 1292 2327; x_wconf 89' lang='lat'>&#39;</span> 
     </span>
     <span class='ocr_line' id='line_1_23' title="bbox 230 2387 1330 2458; baseline 0.01 -17"><span class='ocrx_word' id='word_1_183' title='bbox 230 2406 262 2441; x_wconf 78' lang='lat' dir='ltr'><strong>ea</strong></span> <span class='ocrx_word' id='word_1_184' title='bbox 275 2393 373 2456; x_wconf 82' lang='lat' dir='ltr'><strong>templu</strong></span> <span class='ocrx_word' id='word_1_185' title='bbox 385 2394 506 2444; x_wconf 72' lang='lat' dir='ltr'><strong>Fortuna</strong></span> <span class='ocrx_word' id='word_1_186' title='bbox 515 2396 659 2458; x_wconf 80' lang='lat' dir='ltr'><strong>accepisset</strong></span> <span class='ocrx_word' id='word_1_187' title='bbox 671 2394 760 2458; x_wconf 80' lang='lat' dir='ltr'><strong>pugio·</strong></span> <span class='ocrx_word' id='word_1_188' title='bbox 832 2388 899 2437; x_wconf 68' lang='lat' dir='ltr'><strong>Nflm</strong></span> <span class='ocrx_word' id='word_1_189' title='bbox 916 2387 960 2436; x_wconf 64' lang='lat' dir='ltr'><strong>”bl</strong></span> <span class='ocrx_word' id='word_1_190' title='bbox 979 2388 1125 2451; x_wconf 64' lang='lat' dir='ltr'><strong>Suetfflllub</strong></span> <span class='ocrx_word' id='word_1_191' title='bbox 1137 2390 1145 2415; x_wconf 88' lang='lat'>‘</span> <span class='ocrx_word' id='word_1_192' title='bbox 1157 2387 1214 2452; x_wconf 66' lang='lat'><strong>¹⁹⁸⁰</strong></span> <span class='ocrx_word' id='word_1_193' title='bbox 1226 2388 1268 2438; x_wconf 62' lang='lat' dir='ltr'><strong>die</strong></span> <span class='ocrx_word' id='word_1_194' title='bbox 1280 2403 1330 2454; x_wconf 73' lang='lat'><strong>&lt;1¹¹⁰</strong></span> 
     </span>
     <span class='ocr_line' id='line_1_24' title="bbox 231 2465 1333 2532; baseline 0.004 -21"><span class='ocrx_word' id='word_1_195' title='bbox 231 2483 303 2517; x_wconf 78' lang='lat' dir='ltr'><strong>nem:</strong></span> <span class='ocrx_word' id='word_1_196' title='bbox 316 2475 344 2518; x_wconf 75' lang='lat' dir='ltr'><strong>et</strong></span> <span class='ocrx_word' id='word_1_197' title='bbox 352 2476 536 2532; x_wconf 67' lang='lat' dir='ltr'><strong>assentatores,</strong></span> <span class='ocrx_word' id='word_1_198' title='bbox 548 2478 577 2521; x_wconf 74' lang='lat' dir='ltr'><strong>ut</strong></span> <span class='ocrx_word' id='word_1_199' title='bbox 586 2470 644 2520; x_wconf 69' lang='lat' dir='ltr'><strong>falsi</strong></span> <span class='ocrx_word' id='word_1_200' title='bbox 652 2477 679 2519; x_wconf 78' lang='lat' dir='ltr'><strong>et</strong></span> <span class='ocrx_word' id='word_1_201' title='bbox 689 2485 760 2518; x_wconf 73' lang='lat' dir='ltr'><strong>men.</strong></span> <span class='ocrx_word' id='word_1_202' title='bbox 799 2471 908 2512; x_wconf 80' lang='lat' dir='ltr'><strong>matrem</strong></span> <span class='ocrx_word' id='word_1_203' title='bbox 916 2465 1125 2525; x_wconf 88' lang='lat' dir='ltr'><strong>occiderat,&#39;ncu</strong></span> <span class='ocrx_word' id='word_1_204' title='bbox 1134 2465 1197 2512; x_wconf 79' lang='lat' dir='ltr'><strong>diem</strong></span> <span class='ocrx_word' id='word_1_205' title='bbox 1205 2465 1333 2528; x_wconf 85' lang='lat' dir='ltr'><strong>intelligit</strong></span> 
     </span>
     <span class='ocr_line' id='line_1_25' title="bbox 230 2540 1332 2608; baseline -0.002 -16"><span class='ocrx_word' id='word_1_206' title='bbox 230 2545 317 2607; x_wconf 82' lang='lat' dir='ltr'><strong>daces,</strong></span> <span class='ocrx_word' id='word_1_207' title='bbox 336 2546 374 2593; x_wconf 84' lang='lat' dir='ltr'><strong>itu</strong></span> <span class='ocrx_word' id='word_1_208' title='bbox 396 2559 486 2608; x_wconf 83' lang='lat' dir='ltr'><strong>parum</strong></span> <span class='ocrx_word' id='word_1_209' title='bbox 506 2561 638 2594; x_wconf 85' lang='lat' dir='ltr'><strong>memores.</strong></span> <span class='ocrx_word' id='word_1_210' title='bbox 679 2545 760 2593; x_wconf 82' lang='lat' dir='ltr'><strong>Modo</strong></span> <span class='ocrx_word' id='word_1_211' title='bbox 800 2540 1006 2602; x_wconf 87' lang='lat' dir='ltr'><strong>etiamejusdem</strong></span> <span class='ocrx_word' id='word_1_212' title='bbox 1030 2543 1101 2601; x_wconf 87' lang='lat' dir='ltr'><strong>anni,</strong></span> <span class='ocrx_word' id='word_1_213' title='bbox 1118 2556 1169 2604; x_wconf 82' lang='lat' dir='ltr'><strong>quo</strong></span> <span class='ocrx_word' id='word_1_214' title='bbox 1185 2541 1332 2606; x_wconf 78' lang='lat' dir='ltr'><strong>Agrippina</strong></span> 
     </span>
     <span class='ocr_line' id='line_1_26' title="bbox 231 2615 1333 2682; baseline -0.003 -14"><span class='ocrx_word' id='word_1_215' title='bbox 231 2621 379 2680; x_wconf 81' lang='lat' dir='ltr'><strong>adulentur,</strong></span> <span class='ocrx_word' id='word_1_216' title='bbox 389 2635 480 2682; x_wconf 78' lang='lat' dir='ltr'><strong>parum</strong></span> <span class='ocrx_word' id='word_1_217' title='bbox 491 2622 609 2670; x_wconf 85' lang='lat' dir='ltr'><strong>interest.</strong></span> <span class='ocrx_word' id='word_1_218' title='bbox 801 2615 941 2677; x_wconf 79' lang='lat' dir='ltr'><strong>trucidata,</strong></span> <span class='ocrx_word' id='word_1_219' title='bbox 959 2615 1006 2665; x_wconf 87' lang='lat' dir='ltr'><strong>sed</strong></span> <span class='ocrx_word' id='word_1_220' title='bbox 1027 2616 1104 2679; x_wconf 86' lang='lat' dir='ltr'><strong>idem,</strong></span> <span class='ocrx_word' id='word_1_221' title='bbox 1118 2617 1172 2680; x_wconf 90' lang='lat' dir='ltr'><strong>qui,</strong></span> <span class='ocrx_word' id='word_1_222' title='bbox 1189 2631 1259 2665; x_wconf 88' lang='lat' dir='ltr'><strong>nono</strong></span> <span class='ocrx_word' id='word_1_223' title='bbox 1275 2624 1333 2680; x_wconf 89' lang='lat' dir='ltr'><strong>past</strong></span> 
     </span>
     <span class='ocr_line' id='line_1_27' title="bbox 262 2690 1332 2759; baseline 0 -18"><span class='ocrx_word' id='word_1_224' title='bbox 262 2695 359 2756; x_wconf 78' lang='lat' dir='ltr'><strong>²Apud</strong></span> <span class='ocrx_word' id='word_1_225' title='bbox 382 2697 526 2756; x_wconf 78' lang='lat' dir='ltr'><strong>Capitolium</strong></span> <span class='ocrx_word' id='word_1_226' title='bbox 547 2696 662 2759; x_wconf 79' lang='lat' dir='ltr'><strong>sacrarit]</strong></span> <span class='ocrx_word' id='word_1_227' title='bbox 696 2699 761 2746; x_wconf 85' lang='lat' dir='ltr'><strong>Ritu</strong></span> <span class='ocrx_word' id='word_1_228' title='bbox 800 2703 876 2753; x_wconf 77' lang='lat' dir='ltr'><strong>anna,</strong></span> <span class='ocrx_word' id='word_1_229' title='bbox 888 2690 1001 2752; x_wconf 82' lang='lat' dir='ltr'><strong>redibat,</strong></span> <span class='ocrx_word' id='word_1_230' title='bbox 1012 2691 1042 2740; x_wconf 82' lang='lat' dir='ltr'><strong>C.</strong></span> <span class='ocrx_word' id='word_1_231' title='bbox 1051 2692 1114 2740; x_wconf 80' lang='lat' dir='ltr'><strong>silio</strong></span> <span class='ocrx_word' id='word_1_232' title='bbox 1123 2691 1217 2740; x_wconf 88' lang='lat' dir='ltr'><strong>Italico</strong></span> <span class='ocrx_word' id='word_1_233' title='bbox 1231 2694 1270 2740; x_wconf 85' lang='grc' dir='ltr'><strong>Μ.</strong></span> <span class='ocrx_word' id='word_1_234' title='bbox 1281 2691 1332 2742; x_wconf 84' lang='lat' dir='ltr'><strong>Ga-</strong></span> 
     </span>
     <span class='ocr_line' id='line_1_28' title="bbox 230 2765 1333 2832; baseline 0.002 -16"><span class='ocrx_word' id='word_1_235' title='bbox 230 2769 323 2831; x_wconf 81' lang='lat' dir='ltr'><strong>veteri,</strong></span> <span class='ocrx_word' id='word_1_236' title='bbox 333 2775 360 2817; x_wconf 89' lang='lat' dir='ltr'><strong>et</strong></span> <span class='ocrx_word' id='word_1_237' title='bbox 372 2777 487 2832; x_wconf 86' lang='lat' dir='ltr'><strong>recepto.</strong></span> <span class='ocrx_word' id='word_1_238' title='bbox 505 2772 609 2820; x_wconf 87' lang='lat' dir='ltr'><strong>Saetou.</strong></span> <span class='ocrx_word' id='word_1_239' title='bbox 622 2773 676 2820; x_wconf 89' lang='lat' dir='ltr'><strong>Cal.</strong></span> <span class='ocrx_word' id='word_1_240' title='bbox 687 2787 710 2820; x_wconf 88' lang='lat' dir='ltr'><strong>c.</strong></span> <span class='ocrx_word' id='word_1_241' title='bbox 720 2777 761 2822; x_wconf 77' lang='grc'><strong>24,</strong></span> <span class='ocrx_word' id='word_1_242' title='bbox 801 2765 868 2817; x_wconf 87' lang='lat' dir='ltr'><strong>lerio</strong></span> <span class='ocrx_word' id='word_1_243' title='bbox 885 2766 1014 2816; x_wconf 81' lang='lat' dir='ltr'><strong>Tmebalo</strong></span> <span class='ocrx_word' id='word_1_244' title='bbox 1038 2768 1111 2816; x_wconf 83' lang='lat' dir='ltr'><strong>Coss.</strong></span> <span class='ocrx_word' id='word_1_245' title='bbox 1151 2769 1231 2817; x_wconf 88' lang='lat' dir='ltr'><strong>Nulla</strong></span> <span class='ocrx_word' id='word_1_246' title='bbox 1252 2769 1333 2830; x_wconf 81' lang='lat' dir='ltr'><strong>igitur</strong></span> 
     </span>
     <span class='ocr_line' id='line_1_29' title="bbox 229 2841 1236 2910; baseline 0 -18"><span class='ocrx_word' id='word_1_247' title='bbox 229 2843 314 2892; x_wconf 81' lang='lat' dir='ltr'><strong>‘Tres</strong></span> <span class='ocrx_word' id='word_1_248' title='bbox 325 2845 422 2906; x_wconf 82' lang='lat' dir='ltr'><strong>gladios</strong></span> <span class='ocrx_word' id='word_1_249' title='bbox 433 2846 459 2892; x_wconf 88' lang='lat' dir='ltr'><strong>in</strong></span> <span class='ocrx_word' id='word_1_250' title='bbox 476 2859 566 2894; x_wconf 86' lang='lat' dir='ltr'><strong>necem</strong></span> <span class='ocrx_word' id='word_1_251' title='bbox 579 2861 650 2895; x_wconf 84' lang='lat' dir='ltr'><strong>saara</strong></span> <span class='ocrx_word' id='word_1_252' title='bbox 663 2861 763 2910; x_wconf 86' lang='lat' dir='ltr'><strong>praepa·</strong></span> <span class='ocrx_word' id='word_1_253' title='bbox 802 2845 854 2892; x_wconf 86' lang='lat' dir='ltr'><strong>ista</strong></span> <span class='ocrx_word' id='word_1_254' title='bbox 864 2843 961 2892; x_wconf 80' lang='lat' dir='ltr'><strong>oblivia</strong></span> <span class='ocrx_word' id='word_1_255' title='bbox 968 2841 1060 2894; x_wconf 79' lang='lat' dir='ltr'><strong>Taciti.</strong></span> <span class='ocrx_word' id='word_1_256' title='bbox 1095 2845 1236 2894; x_wconf 70' lang='lat' dir='ltr'><strong>Grmooias.</strong></span> 
     </span>
     <span class='ocr_line' id='line_1_30' title="bbox 232 2919 1335 2985; baseline 0.005 -19"><span class='ocrx_word' id='word_1_257' title='bbox 232 2926 311 2982; x_wconf 87' lang='lat' dir='ltr'><strong>ratos,</strong></span> <span class='ocrx_word' id='word_1_258' title='bbox 332 2919 413 2969; x_wconf 85' lang='lat' dir='ltr'><strong>Marti</strong></span> <span class='ocrx_word' id='word_1_259' title='bbox 444 2921 534 2983; x_wconf 88' lang='lat' dir='ltr'><strong>ultori,</strong></span> <span class='ocrx_word' id='word_1_260' title='bbox 555 2919 645 2970; x_wconf 84' lang='lat' dir='ltr'><strong>addito</strong></span> <span class='ocrx_word' id='word_1_261' title='bbox 667 2923 763 2985; x_wconf 76' lang='lat' dir='ltr'><strong>elogio,</strong></span> <span class='ocrx_word' id='word_1_262' title='bbox 834 2920 964 2968; x_wconf 66' lang='lat' dir='ltr'><strong>‘Fatuae</strong></span> <span class='ocrx_word' id='word_1_263' title='bbox 983 2920 1095 2983; x_wconf 62' lang='lat' dir='ltr'><strong>altaris]</strong></span> <span class='ocrx_word' id='word_1_264' title='bbox 1122 2922 1205 2972; x_wconf 79' lang='lat' dir='ltr'><strong>Quasi</strong></span> <span class='ocrx_word' id='word_1_265' title='bbox 1228 2923 1335 2971; x_wconf 85' lang='lat' dir='ltr'><strong>tandem</strong></span> 
     </span>
     <span class='ocr_line' id='line_1_31' title="bbox 233 2995 1336 3060; baseline 0.003 -16"><span class='ocrx_word' id='word_1_266' title='bbox 233 2995 412 3048; x_wconf 70' lang='lat' dir='ltr'><strong>consecrauit!</strong></span> <span class='ocrx_word' id='word_1_267' title='bbox 443 2996 517 3044; x_wconf 87' lang='lat' dir='ltr'><strong>idem</strong></span> <span class='ocrx_word' id='word_1_268' title='bbox 547 2997 654 3046; x_wconf 87' lang='lat' dir='ltr'><strong>Vitellio</strong></span> <span class='ocrx_word' id='word_1_269' title='bbox 677 3013 699 3047; x_wconf 88' lang='lat' dir='ltr'><strong>e.</strong></span> <span class='ocrx_word' id='word_1_270' title='bbox 723 3003 763 3048; x_wconf 83' lang='lat' dir='ltr'><strong>lt).</strong></span> <span class='ocrx_word' id='word_1_271' title='bbox 802 2996 877 3044; x_wconf 88' lang='lat' dir='ltr'><strong>Deus</strong></span> <span class='ocrx_word' id='word_1_272' title='bbox 888 2996 930 3044; x_wconf 87' lang='lat' dir='ltr'><strong>eui</strong></span> <span class='ocrx_word' id='word_1_273' title='bbox 947 3006 1093 3044; x_wconf 85' lang='lat' dir='ltr'><strong>sacraverat</strong></span> <span class='ocrx_word' id='word_1_274' title='bbox 1105 2998 1251 3060; x_wconf 85' lang='lat' dir='ltr'><strong>pugionem,</strong></span> <span class='ocrx_word' id='word_1_275' title='bbox 1269 3000 1336 3047; x_wconf 90' lang='lat' dir='ltr'><strong>ulta·</strong></span> 
     </span>
     <span class='ocr_line' id='line_1_32' title="bbox 232 3071 1334 3138; baseline 0.003 -19"><span class='ocrx_word' id='word_1_276' title='bbox 232 3071 399 3138; x_wconf 73' lang='lat' dir='ltr'><strong>‘Bagionem</strong></span> <span class='ocrx_word' id='word_1_277' title='bbox 415 3087 465 3136; x_wconf 82' lang='lat' dir='ltr'><strong>quo</strong></span> <span class='ocrx_word' id='word_1_278' title='bbox 485 3087 512 3122; x_wconf 89' lang='lat' dir='ltr'><strong>se</strong></span> <span class='ocrx_word' id='word_1_279' title='bbox 532 3073 603 3122; x_wconf 89' lang='lat' dir='ltr'><strong>Otho</strong></span> <span class='ocrx_word' id='word_1_280' title='bbox 620 3073 763 3135; x_wconf 84' lang='lat' dir='ltr'><strong>occiderat,</strong></span> <span class='ocrx_word' id='word_1_281' title='bbox 803 3087 848 3120; x_wconf 87' lang='lat' dir='ltr'><strong>rus</strong></span> <span class='ocrx_word' id='word_1_282' title='bbox 858 3078 929 3120; x_wconf 87' lang='lat' dir='ltr'><strong>esset</strong></span> <span class='ocrx_word' id='word_1_283' title='bbox 938 3072 1020 3133; x_wconf 91' lang='lat' dir='ltr'><strong>ipsius</strong></span> <span class='ocrx_word' id='word_1_284' title='bbox 1036 3072 1161 3135; x_wconf 75' lang='lat' dir='ltr'><strong>iacibora,</strong></span> <span class='ocrx_word' id='word_1_285' title='bbox 1176 3076 1334 3138; x_wconf 87' lang='lat' dir='ltr'><strong>sceleraque.</strong></span> 
     </span>
     <span class='ocr_line' id='line_1_33' title="bbox 233 3146 1336 3210; baseline 0.004 -16"><span class='ocrx_word' id='word_1_286' title='bbox 233 3147 260 3194; x_wconf 89' lang='lat' dir='ltr'><strong>in</strong></span> <span class='ocrx_word' id='word_1_287' title='bbox 288 3146 506 3210; x_wconf 75' lang='lat' dir='ltr'><strong>Agrippinensem</strong></span> <span class='ocrx_word' id='word_1_288' title='bbox 542 3148 668 3198; x_wconf 87' lang='lat' dir='ltr'><strong>coloniam</strong></span> <span class='ocrx_word' id='word_1_289' title='bbox 695 3149 766 3197; x_wconf 85' lang='lat' dir='ltr'><strong>misit</strong></span> <span class='ocrx_word' id='word_1_290' title='bbox 807 3147 873 3195; x_wconf 88' lang='lat' dir='ltr'><strong>Post</strong></span> <span class='ocrx_word' id='word_1_291' title='bbox 894 3161 964 3194; x_wconf 83' lang='lat' dir='ltr'><strong>arma</strong></span> <span class='ocrx_word' id='word_1_292' title='bbox 986 3152 1058 3195; x_wconf 87' lang='lat' dir='ltr'><strong>mota</strong></span> <span class='ocrx_word' id='word_1_293' title='bbox 1083 3148 1210 3210; x_wconf 83' lang='lat' dir='ltr'><strong>Vindicis,</strong></span> <span class='ocrx_word' id='word_1_294' title='bbox 1231 3149 1336 3198; x_wconf 85' lang='lat' dir='ltr'><strong>tandem</strong></span> 
     </span>
     <span class='ocr_line' id='line_1_34' title="bbox 234 3221 1337 3285; baseline 0.004 -17"><span class='ocrx_word' id='word_1_295' title='bbox 234 3221 315 3285; x_wconf 77' lang='lat' dir='ltr'><strong>Marti</strong></span> <span class='ocrx_word' id='word_1_296' title='bbox 338 3223 530 3271; x_wconf 69' lang='lat' dir='ltr'><strong>dedicandum!</strong></span> <span class='ocrx_word' id='word_1_297' title='bbox 564 3225 613 3272; x_wconf 87' lang='lat' dir='ltr'><strong>Dio</strong></span> <span class='ocrx_word' id='word_1_298' title='bbox 638 3226 663 3272; x_wconf 90' lang='lat' dir='ltr'><strong>in</strong></span> <span class='ocrx_word' id='word_1_299' title='bbox 685 3225 767 3274; x_wconf 83' lang='lat' dir='ltr'><strong>Ante·</strong></span> <span class='ocrx_word' id='word_1_300' title='bbox 806 3236 900 3271; x_wconf 85' lang='lat' dir='ltr'><strong>nomen</strong></span> <span class='ocrx_word' id='word_1_301' title='bbox 921 3222 985 3270; x_wconf 88' lang='lat' dir='ltr'><strong>illud</strong></span> <span class='ocrx_word' id='word_1_302' title='bbox 1010 3223 1037 3270; x_wconf 93' lang='lat' dir='ltr'><strong>in</strong></span> <span class='ocrx_word' id='word_1_303' title='bbox 1059 3223 1212 3285; x_wconf 72' lang='lat' dir='ltr'><strong>presagium</strong></span> <span class='ocrx_word' id='word_1_304' title='bbox 1233 3223 1337 3272; x_wconf 74' lang='lat' dir='ltr'><strong>ultioms</strong></span> 
     </span>
     <span class='ocr_line' id='line_1_35' title="bbox 235 3297 999 3366; baseline -0.003 -20"><span class='ocrx_word' id='word_1_305' title='bbox 235 3297 299 3346; x_wconf 80' lang='lat' dir='ltr'><strong>uina</strong></span> <span class='ocrx_word' id='word_1_306' title='bbox 320 3298 468 3346; x_wconf 85' lang='lat' dir='ltr'><strong>Caracalla:</strong></span> <span class='ocrx_word' id='word_1_307' title='bbox 496 3299 551 3346; x_wconf 86' lang='lat' dir='ltr'><strong>‘Et</strong></span> <span class='ocrx_word' id='word_1_308' title='bbox 576 3299 697 3362; x_wconf 79' lang='lat' dir='ltr'><strong>gladium,</strong></span> <span class='ocrx_word' id='word_1_309' title='bbox 717 3317 767 3366; x_wconf 87' lang='lat' dir='ltr'><strong>quo</strong></span> <span class='ocrx_word' id='word_1_310' title='bbox 806 3297 954 3346; x_wconf 80' lang='lat' dir='ltr'><strong>trabebant.</strong></span> <span class='ocrx_word' id='word_1_311' title='bbox 996 3348 999 3352; x_wconf 15' lang='lat' dir='ltr'><em>A</em></span> 
     </span>
     <span class='ocr_line' id='line_1_36' title="bbox 234 3369 1338 3436; baseline 0.005 -17"><span class='ocrx_word' id='word_1_312' title='bbox 234 3369 341 3420; x_wconf 83' lang='lat' dir='ltr'><strong>fratrem</strong></span> <span class='ocrx_word' id='word_1_313' title='bbox 353 3372 495 3436; x_wconf 83' lang='lat' dir='ltr'><strong>occiderat,</strong></span> <span class='ocrx_word' id='word_1_314' title='bbox 506 3373 594 3423; x_wconf 87' lang='lat' dir='ltr'><strong>dicare</strong></span> <span class='ocrx_word' id='word_1_315' title='bbox 611 3376 672 3424; x_wconf 87' lang='lat' dir='ltr'><strong>Deo</strong></span> <span class='ocrx_word' id='word_1_316' title='bbox 691 3390 768 3425; x_wconf 88' lang='lat' dir='ltr'><strong>ausus</strong></span> <span class='ocrx_word' id='word_1_317' title='bbox 837 3374 881 3422; x_wconf 80' lang='lat' dir='ltr'><strong>stc</strong></span> <span class='ocrx_word' id='word_1_318' title='bbox 901 3373 970 3434; x_wconf 86' lang='lat' dir='ltr'><strong>apud</strong></span> <span class='ocrx_word' id='word_1_319' title='bbox 990 3374 1060 3422; x_wconf 85' lang='lat' dir='ltr'><strong>Suet.</strong></span> <span class='ocrx_word' id='word_1_320' title='bbox 1072 3373 1105 3422; x_wconf 87' lang='lat' dir='ltr'><strong>de</strong></span> <span class='ocrx_word' id='word_1_321' title='bbox 1122 3373 1214 3422; x_wconf 85' lang='lat' dir='ltr'><strong>eodem</strong></span> <span class='ocrx_word' id='word_1_322' title='bbox 1232 3375 1338 3424; x_wconf 85' lang='lat' dir='ltr'><strong>Nerone</strong></span> 
     </span>
     <span class='ocr_line' id='line_1_37' title="bbox 236 3445 1338 3515; baseline 0.005 -20"><span class='ocrx_word' id='word_1_323' title='bbox 236 3445 294 3497; x_wconf 72' lang='lat' dir='ltr'><strong>est!</strong></span> <span class='ocrx_word' id='word_1_324' title='bbox 530 3446 533 3450; x_wconf 88' lang='grc'><strong>’</strong></span> <span class='ocrx_word' id='word_1_325' title='bbox 722 3448 723 3452; x_wconf 74' lang='grc'>’</span> <span class='ocrx_word' id='word_1_326' title='bbox 807 3453 847 3498; x_wconf 74' lang='lat' dir='ltr'><strong>le.</strong></span> <span class='ocrx_word' id='word_1_327' title='bbox 862 3450 870 3476; x_wconf 91' lang='lat'>‘</span> <span class='ocrx_word' id='word_1_328' title='bbox 883 3449 949 3498; x_wconf 87' lang='lat' dir='ltr'><strong>carn</strong></span> <span class='ocrx_word' id='word_1_329' title='bbox 966 3463 998 3496; x_wconf 80' lang='lat' dir='ltr'><strong>es</strong></span> <span class='ocrx_word' id='word_1_330' title='bbox 1019 3450 1135 3498; x_wconf 72' lang='lat' dir='ltr'><strong>ambone</strong></span> <span class='ocrx_word' id='word_1_331' title='bbox 1154 3450 1222 3513; x_wconf 85' lang='lat' dir='ltr'><strong>ejus,</strong></span> <span class='ocrx_word' id='word_1_332' title='bbox 1240 3466 1293 3515; x_wconf 87' lang='lat' dir='ltr'><strong>qua</strong></span> <span class='ocrx_word' id='word_1_333' title='bbox 1310 3452 1338 3500; x_wconf 92' lang='lat' dir='ltr'><strong>in</strong></span> 
     </span>
     <span class='ocr_line' id='line_1_38' title="bbox 252 3519 1339 3590; baseline 0.007 -23"><span class='ocrx_word' id='word_1_334' title='bbox 252 3519 320 3568; x_wconf 77' lang='lat' dir='ltr'><strong>-Sed</strong></span> <span class='ocrx_word' id='word_1_335' title='bbox 345 3527 372 3569; x_wconf 85' lang='lat' dir='ltr'><strong>et</strong></span> <span class='ocrx_word' id='word_1_336' title='bbox 400 3522 468 3584; x_wconf 86' lang='lat' dir='ltr'><strong>apud</strong></span> <span class='ocrx_word' id='word_1_337' title='bbox 491 3523 606 3586; x_wconf 80' lang='lat' dir='ltr'><strong>Graecus,</strong></span> <span class='ocrx_word' id='word_1_338' title='bbox 630 3526 766 3590; x_wconf 80' lang='lat' dir='ltr'><strong>Olympias</strong></span> <span class='ocrx_word' id='word_1_339' title='bbox 806 3524 942 3572; x_wconf 82' lang='lat' dir='ltr'><strong>Vindicem</strong></span> <span class='ocrx_word' id='word_1_340' title='bbox 964 3525 1113 3586; x_wconf 84' lang='lat' dir='ltr'><strong>perorabat,</strong></span> <span class='ocrx_word' id='word_1_341' title='bbox 1136 3526 1295 3575; x_wconf 85' lang='lat' dir='ltr'><strong>recitaretur</strong></span> <span class='ocrx_word' id='word_1_342' title='bbox 1312 3527 1339 3574; x_wconf 89' lang='lat' dir='ltr'><strong>in</strong></span> 
     </span>
     <span class='ocr_line' id='line_1_39' title="bbox 235 3594 1339 3666; baseline 0.008 -23"><span class='ocrx_word' id='word_1_343' title='bbox 235 3594 374 3659; x_wconf 61' lang='lat' dir='ltr'><strong>‘gladium</strong></span> <span class='ocrx_word' id='word_1_344' title='bbox 393 3611 443 3660; x_wconf 85' lang='lat' dir='ltr'><strong>quo</strong></span> <span class='ocrx_word' id='word_1_345' title='bbox 464 3613 511 3646; x_wconf 87' lang='lat' dir='ltr'><strong>rex</strong></span> <span class='ocrx_word' id='word_1_346' title='bbox 530 3599 692 3666; x_wconf 79' lang='lat' dir='ltr'><strong>(Philippus)</strong></span> <span class='ocrx_word' id='word_1_347' title='bbox 710 3617 767 3664; x_wconf 87' lang='lat' dir='ltr'><strong>per·</strong></span> <span class='ocrx_word' id='word_1_348' title='bbox 807 3607 909 3661; x_wconf 86' lang='lat' dir='ltr'><strong>senatu,</strong></span> <span class='ocrx_word' id='word_1_349' title='bbox 921 3602 1026 3649; x_wconf 85' lang='lat' dir='ltr'><strong>daturos</strong></span> <span class='ocrx_word' id='word_1_350' title='bbox 1042 3616 1132 3662; x_wconf 76' lang='lat' dir='ltr'><strong>penas</strong></span> <span class='ocrx_word' id='word_1_351' title='bbox 1149 3603 1339 3666; x_wconf 86' lang='lat' dir='ltr'><strong>sceleratos‚ac</strong></span> 
     </span>
     <span class='ocr_line' id='line_1_40' title="bbox 236 3672 1339 3740; baseline 0.007 -20"><span class='ocrx_word' id='word_1_352' title='bbox 236 3685 325 3721; x_wconf 85' lang='lat' dir='ltr'><strong>cussus</strong></span> <span class='ocrx_word' id='word_1_353' title='bbox 350 3680 416 3730; x_wconf 83' lang='lat' dir='ltr'><strong>erat,</strong></span> <span class='ocrx_word' id='word_1_354' title='bbox 445 3672 569 3737; x_wconf 74' lang='lat' dir='ltr'><strong>Apollini,</strong></span> <span class='ocrx_word' id='word_1_355' title='bbox 592 3677 639 3725; x_wconf 87' lang='lat' dir='ltr'><strong>sub</strong></span> <span class='ocrx_word' id='word_1_356' title='bbox 666 3678 768 3726; x_wconf 88' lang='lat' dir='ltr'><strong>nomine</strong></span> <span class='ocrx_word' id='word_1_357' title='bbox 807 3677 880 3725; x_wconf 84' lang='lat' dir='ltr'><strong>brevi</strong></span> <span class='ocrx_word' id='word_1_358' title='bbox 900 3677 1004 3740; x_wconf 74' lang='lat' dir='ltr'><strong>dignum</strong></span> <span class='ocrx_word' id='word_1_359' title='bbox 1021 3677 1119 3725; x_wconf 85' lang='lat' dir='ltr'><strong>exitum</strong></span> <span class='ocrx_word' id='word_1_360' title='bbox 1135 3677 1261 3740; x_wconf 82' lang='lat' dir='ltr'><strong>iacturas,</strong></span> <span class='ocrx_word' id='word_1_361' title='bbox 1279 3693 1339 3728; x_wconf 90' lang='lat' dir='ltr'><strong>con·</strong></span> 
     </span>
     <span class='ocr_line' id='line_1_41' title="bbox 236 3747 1341 3819; baseline 0.008 -23"><span class='ocrx_word' id='word_1_362' title='bbox 236 3747 374 3810; x_wconf 71' lang='lat' dir='ltr'><strong>Myrtilos,</strong></span> <span class='ocrx_word' id='word_1_363' title='bbox 385 3750 564 3810; x_wconf 52' lang='lat' dir='ltr'><strong>consecrarit(</strong></span> <span class='ocrx_word' id='word_1_364' title='bbox 574 3751 610 3800; x_wconf 90' lang='lat' dir='ltr'><strong>ait</strong></span> <span class='ocrx_word' id='word_1_365' title='bbox 620 3753 746 3802; x_wconf 78' lang='lat' dir='ltr'><strong>Jrrstisas.</strong></span> <span class='ocrx_word' id='word_1_366' title='bbox 809 3754 948 3802; x_wconf 85' lang='lat' dir='ltr'><strong>clamatum</strong></span> <span class='ocrx_word' id='word_1_367' title='bbox 959 3761 999 3801; x_wconf 89' lang='lat' dir='ltr'><strong>est</strong></span> <span class='ocrx_word' id='word_1_368' title='bbox 1008 3753 1043 3801; x_wconf 88' lang='lat' dir='ltr'><strong>ab</strong></span> <span class='ocrx_word' id='word_1_369' title='bbox 1053 3754 1189 3817; x_wconf 84' lang='lat' dir='ltr'><strong>universis,</strong></span> <span class='ocrx_word' id='word_1_370' title='bbox 1199 3755 1242 3803; x_wconf 82' lang='lat' dir='ltr'><strong>Tu</strong></span> <span class='ocrx_word' id='word_1_371' title='bbox 1252 3753 1341 3819; x_wconf 83' lang='lat' dir='ltr'><strong>facies,</strong></span> 
     </span>
     <span class='ocr_line' id='line_1_42' title="bbox 269 3822 944 3892; baseline 0.01 -21"><span class='ocrx_word' id='word_1_372' title='bbox 269 3822 442 3872; x_wconf 74' lang='lat' dir='ltr'><strong>Tertullianus</strong></span> <span class='ocrx_word' id='word_1_373' title='bbox 461 3825 566 3885; x_wconf 82' lang='lat' dir='ltr'><strong>prrlobra</strong></span> <span class='ocrx_word' id='word_1_374' title='bbox 585 3827 617 3875; x_wconf 86' lang='lat' dir='ltr'><strong>de</strong></span> <span class='ocrx_word' id='word_1_375' title='bbox 629 3829 768 3876; x_wconf 79' lang='lat' dir='ltr'><strong>Resurrer-</strong></span> <span class='ocrx_word' id='word_1_376' title='bbox 809 3830 944 3892; x_wconf 57' lang='lat' dir='ltr'><strong>Auguste?</strong></span> 
     </span>
     <span class='ocr_line' id='line_1_43' title="bbox 238 3896 1341 3970; baseline 0.01 -24"><span class='ocrx_word' id='word_1_377' title='bbox 238 3896 687 3951; x_wconf 65' lang='lat' dir='ltr'><strong>uomoarmweloalaooonoao</strong></span> <span class='ocrx_word' id='word_1_378' title='bbox 701 3903 768 3950; x_wconf 80' lang='lat' dir='ltr'><strong>bello</strong></span> <span class='ocrx_word' id='word_1_379' title='bbox 842 3908 908 3959; x_wconf 72' lang='lat' dir='ltr'><strong>Quae</strong></span> <span class='ocrx_word' id='word_1_380' title='bbox 931 3921 980 3954; x_wconf 81' lang='lat' dir='ltr'><strong>rex</strong></span> <span class='ocrx_word' id='word_1_381' title='bbox 1009 3906 1037 3954; x_wconf 89' lang='lat' dir='ltr'><strong>in</strong></span> <span class='ocrx_word' id='word_1_382' title='bbox 1064 3919 1139 3954; x_wconf 87' lang='lat' dir='ltr'><strong>onren</strong></span> <span class='ocrx_word' id='word_1_383' title='bbox 1161 3912 1274 3970; x_wconf 71' lang='lat' dir='ltr'><strong>accepts</strong></span> <span class='ocrx_word' id='word_1_384' title='bbox 1291 3911 1341 3970; x_wconf 85' lang='lat' dir='ltr'><strong>eet,</strong></span> 
     </span>
     <span class='ocr_line' id='line_1_44' title="bbox 237 3974 1342 4047; baseline 0.009 -27"><span class='ocrx_word' id='word_1_385' title='bbox 237 3982 370 4036; x_wconf 77' lang='lat' dir='ltr'><strong>cruentus,</strong></span> <span class='ocrx_word' id='word_1_386' title='bbox 381 3982 408 4022; x_wconf 83' lang='lat' dir='ltr'><strong>et</strong></span> <span class='ocrx_word' id='word_1_387' title='bbox 420 3975 507 4022; x_wconf 79' lang='lat' dir='ltr'><strong>uielior</strong></span> <span class='ocrx_word' id='word_1_388' title='bbox 518 3974 655 4037; x_wconf 85' lang='lat' dir='ltr'><strong>homicida,</strong></span> <span class='ocrx_word' id='word_1_389' title='bbox 666 3979 769 4026; x_wconf 85' lang='lat' dir='ltr'><strong>laudem</strong></span> <span class='ocrx_word' id='word_1_390' title='bbox 810 3983 883 4047; x_wconf 81' lang='lat' dir='ltr'><strong>quasi</strong></span> <span class='ocrx_word' id='word_1_391' title='bbox 898 3983 1039 4032; x_wconf 88' lang='lat' dir='ltr'><strong>sceleratus</strong></span> <span class='ocrx_word' id='word_1_392' title='bbox 1050 3981 1109 4043; x_wconf 90' lang='lat' dir='ltr'><strong>ipse</strong></span> <span class='ocrx_word' id='word_1_393' title='bbox 1119 3981 1192 4030; x_wconf 82' lang='lat' dir='ltr'><strong>Nero</strong></span> <span class='ocrx_word' id='word_1_394' title='bbox 1210 3983 1284 4032; x_wconf 83' lang='lat' dir='ltr'><strong>brevi</strong></span> <span class='ocrx_word' id='word_1_395' title='bbox 1298 3982 1342 4030; x_wconf 86' lang='lat' dir='ltr'><strong>da·</strong></span> 
     </span>
     <span class='ocr_line' id='line_1_45' title="bbox 238 4051 1341 4124; baseline 0.011 -29"><span class='ocrx_word' id='word_1_396' title='bbox 238 4061 309 4096; x_wconf 85' lang='lat' dir='ltr'><strong>suam</strong></span> <span class='ocrx_word' id='word_1_397' title='bbox 318 4051 512 4099; x_wconf 82' lang='lat' dir='ltr'><strong>consecratione</strong></span> <span class='ocrx_word' id='word_1_398' title='bbox 524 4051 662 4113; x_wconf 69' lang='lat' dir='ltr'><strong>pensabit!</strong></span> <span class='ocrx_word' id='word_1_399' title='bbox 684 4051 753 4114; x_wconf 66' lang='lat' dir='ltr'><strong>laps.</strong></span> <span class='ocrx_word' id='word_1_400' title='bbox 810 4065 883 4108; x_wconf 77' lang='lat' dir='ltr'><strong>tuma</strong></span> <span class='ocrx_word' id='word_1_401' title='bbox 903 4063 974 4107; x_wconf 82' lang='lat' dir='ltr'><strong>esset</strong></span> <span class='ocrx_word' id='word_1_402' title='bbox 995 4071 1099 4122; x_wconf 81' lang='lat' dir='ltr'><strong>poeuas:</strong></span> <span class='ocrx_word' id='word_1_403' title='bbox 1127 4058 1199 4124; x_wconf 84' lang='lat' dir='ltr'><strong>quod</strong></span> <span class='ocrx_word' id='word_1_404' title='bbox 1218 4065 1248 4108; x_wconf 90' lang='lat' dir='ltr'><strong>et</strong></span> <span class='ocrx_word' id='word_1_405' title='bbox 1268 4058 1341 4109; x_wconf 76' lang='lat' dir='ltr'><strong>brari</strong></span> 
     </span>
     <span class='ocr_line' id='line_1_46' title="bbox 272 4123 930 4196; baseline 0.011 -26"><span class='ocrx_word' id='word_1_406' title='bbox 272 4129 284 4159; x_wconf 62' lang='lat' dir='ltr'><strong>t</strong></span> <span class='ocrx_word' id='word_1_407' title='bbox 299 4123 469 4188; x_wconf 65' lang='lat' dir='ltr'><strong>Iussipsitase</strong></span> <span class='ocrx_word' id='word_1_408' title='bbox 483 4126 541 4174; x_wconf 78' lang='lat' dir='ltr'><strong>lari</strong></span> <span class='ocrx_word' id='word_1_409' title='bbox 554 4126 667 4188; x_wconf 67' lang='lat' dir='ltr'><strong>Vindici}</strong></span> <span class='ocrx_word' id='word_1_410' title='bbox 678 4125 770 4176; x_wconf 74' lang='lat' dir='ltr'><strong>Malim</strong></span> <span class='ocrx_word' id='word_1_411' title='bbox 811 4132 930 4196; x_wconf 74' lang='lat' dir='ltr'><strong>contigit.</strong></span> 
     </span>
     <span class='ocr_line' id='line_1_47' title="bbox 241 4195 771 4262; baseline 0.013 -16"><span class='ocrx_word' id='word_1_412' title='bbox 241 4195 482 4262; x_wconf 68' lang='lat' dir='ltr'><strong>tiuflltbuinotal.</strong></span> <span class='ocrx_word' id='word_1_413' title='bbox 497 4199 611 4254; x_wconf 63' lang='lat' dir='ltr'><strong>vtetur.</strong></span> <span class='ocrx_word' id='word_1_414' title='bbox 643 4201 771 4256; x_wconf 57' lang='lat' dir='ltr'><strong>§henim</strong></span> 
     </span>
    </p>
   </div>
   <div class='ocr_carea' id='block_1_7' title="bbox 0 0 1523 4850">
    <p class='ocr_par' dir='ltr' id='par_1_7' title="bbox 0 0 1523 4850">
     <span class='ocr_line' id='line_1_48' title="bbox 0 0 1523 4850; baseline 0 0"><span class='ocrx_word' id='word_1_415' title='bbox 0 0 1523 4850; x_wconf 95' lang='lat' dir='ltr'><strong> </strong></span> 
     </span>
    </p>
   </div>
   <div class='ocr_carea' id='block_1_8' title="bbox 1482 2067 1500 3443">
    <p class='ocr_par' dir='ltr' id='par_1_8' title="bbox 1482 2067 1500 3443">
     <span class='ocr_line' id='line_1_49' title="bbox 1482 2067 1500 3443; baseline 0 0"><span class='ocrx_word' id='word_1_416' title='bbox 1482 2067 1500 3443; x_wconf 95' lang='lat' dir='ltr'><strong> </strong></span> 
     </span>
    </p>
   </div>
  </div>
 </body>
</html>
