2984 4850
226 344 315 415 17oe
541 359 575 407 o.
595 354 783 407 nonnum
805 354 935 423 morri
1028 358 1185 424 [nuent.
1200 355 1341 420 mess]

224 502 430 580 claritudine,
452 520 562 586 neque
583 500 760 567 invidiosis
781 500 905 583 opibus
927 504 1010 564 erut
1052 498 1276 583 Gymnasium
1294 504 1344 559 eo

224 626 313 675 euno
326 606 530 671 dedicatum⁸
543 623 565 667 a
580 602 726 680 Nerone,
745 601 992 685 praebitumque
1014 602 1136 665 oleum·
1159 599 1278 683 Equiti
1293 615 1341 661 ao

225 706 372 786 Serrutui,
387 708 511 773 Graeca
523 703 712 772 facilitate?

221 918 312 974 cerm,
322 920 458 979 mmet.
491 916 700 977 Eodnutnspsrr
717 910 786 961 Nero
804 910 924 960 Mucii
941 908 1108 974 Gyudw,
1117 906 1341 970 mmm

223 982 348 1044 equitibus,
356 980 509 1045 acpotribus,
517 979 613 1029 luentia
626 978 723 1026 Groeco.

690 1135 869 1157 OOUNOOON‘O

223 1257 300 1373 'lapid
311 1256 390 1371 del.
382 1257 456 1309 ...les
474 1258 541 1321 Reg.
562 1254 653 1351 Gueli.
673 1254 756 1306 editio
776 1257 900 1320 princeps
919 1262 947 1305 et
962 1253 1131 1303 recentiores.
1163 1250 1344 1307 Puteolsuus,

298 1337 334 1372 m

728 1440 839 1496 Now

257 1556 439 1620 'Dedientnnss
462 1557 534 1621 Suet.
548 1555 613 1606 Ner.
622 1560 664 1606 12.
696 1554 761 1605 ‘1n·
801 1568 902 1618 pugnes
912 1568 960 1618 pro
970 1553 1066 1603 militis
1076 1557 1105 1601 et
1122 1547 1344 1600 srmismediten·

223 1628 312 1682 stituit
323 1639 351 1683 et
362 1632 554 1697 quinquennale
567 1637 697 1681 certamen
708 1630 762 1694 pri·
803 1631 872 1680 turl'

225 1721 281 1756 nnus
303 1708 416 1757 omnium
447 1708 548 1771 Romae,
572 1722 643 1757 more
665 1708 762 1758 Graeco
836 1708 887 1759 Sed
896 1708 1063 1758 distributum
1072 1712 1158 1773 temen
1167 1704 1253 1752 oleum
1262 1714 1342 1749 more

225 1782 336 1847 triples;
359 1784 492 1845 musicum,
504 1784 659 1849 gymnicum,
671 1798 761 1849 eques·
802 1785 908 1847 Graeco,
925 1798 972 1834 seu
992 1781 1141 1833 urbanitate
1163 1785 1192 1829 et
1210 1776 1343 1828 comitate

224 1866 274 1923 tre,
285 1858 354 1924 quod
367 1859 511 1924 appellavit
523 1859 648 1911 Neronis.
679 1859 761 1909 Dedi·
801 1862 905 1912 Graeca.
947 1861 986 1910 Ut
1005 1859 1069 1907 nibil
1089 1858 1124 1906 de
1147 1856 1200 1905 ritu
1222 1853 1341 1904 Greciae

223 1936 341 2001 cutisque
352 1936 459 1985 tlrermis
478 1941 557 1999 atque
572 1934 712 1999 gymnasio,
723 1948 762 1983 se·
800 1938 977 1999 omitteretur,
991 1936 1041 1985 nisi
1051 1934 1122 1999 quod
1139 1939 1214 1995 turpe
1225 1936 1255 1979 et
1265 1928 1342 1977 inbo-

224 2012 296 2059 nnlui
313 2025 416 2075 qnoque
430 2017 463 2059 et
484 2011 566 2073 equiti
587 2012 671 2059 oleum
694 2024 760 2074 prte-
799 2020 901 2062 uentum
912 2012 1085 2063 severioribus
1096 2005 1341 2059 Romanisvideba·

223 2086 300 2136 butt!
334 2085 376 2135 An
398 2086 424 2133 iu
446 2086 578 2147 probrum,
600 2093 646 2135 aut
670 2086 759 2150 decus,
800 2097 852 2140 tur.

224 2162 349 2211 tributum
361 2160 395 2210 sit
407 2160 504 2221 oleum,
515 2176 591 2211 nemo
603 2162 676 2227 dicit.
831 2163 921 2214 Puto'
913 2165 1003 2228 egitur,
1013 2162 1173 2214 liberalitate
1185 2160 1299 2208 honeste
1310 2163 1340 2207 et

256 2242 268 2269 ⁸
284 2236 569 2302 Proebiturnqueolsuns]
577 2237 605 2287 Si
618 2239 703 2287 oleum
715 2252 760 2302 po-
798 2241 930 2291 iubenum
941 2256 1025 2302 usum,
1035 2241 1120 2289 oleum
1131 2237 1196 2285 illud
1212 2234 1340 2283 distribu-

223 2314 286 2378 pulo
305 2318 407 2362 tentum
426 2312 576 2376 praebitum,
587 2312 649 2362 nibil
664 2326 764 2362 norum
799 2323 855 2366 tum
866 2331 943 2376 esse;
960 2322 988 2365 et
999 2325 1071 2365 certe
1082 2312 1110 2360 iu
1124 2311 1179 2361 tine
1189 2310 1282 2359 tultum
1298 2310 1339 2357 lu-

224 2394 269 2440 uut
284 2388 482 2439 Graecanicum.
510 2388 624 2453 prebuit
642 2395 704 2441 ente
723 2390 757 2440 Ρ.
799 2391 890 2442 dorum
913 2351 988 2440 addit
1008 2389 1114 2440 'lucitus
1132 2402 1228 2452 soprs:
1250 2388 1339 2436 ‘sune

223 2465 321 2531 Scipio,
333 2480 409 2531 quern
421 2465 531 2516 AEdilenr
548 2466 653 2516 dedisse
671 2466 759 2531 congi·
799 2469 871 2518 nullu
881 2468 974 2530 insigni
984 2465 1215 2516 dehonestamento
1224 2462 1251 2511 id
1261 2475 1339 2526 spec·

224 2558 267 2592 nm
278 2543 330 2592 olei
342 2544 368 2592 in
380 2543 452 2592 vicos
460 2542 584 2608 singulos,
594 2543 668 2594 Livio
679 2543 759 2595 credo
800 2545 915 2593 tunulum
925 2540 1045 2591 transiit!
1313 2575 1319 2580 -

223 2618 270 2672 lib.
283 2633 352 2670 xxv.
830 2617 949 2668 toreca
961 2615 1098 2678 facilitate]
1131 2614 1191 2665 Jum
1213 2613 1339 2677 diximus,

257 2695 342 2748 Dedit
361 2701 390 2744 et
408 2693 438 2744 C.
450 2693 539 2742 Caesur
550 2687 759 2758 post'rioturisru
800 2695 933 2746 Neronem
950 2692 1140 2758 quinquennale
1155 2690 1285 2740 ludicrum
1297 2690 1339 2739 in·

223 2765 384 2819 Africanum.
400 2766 577 2834 divertitur,
596 2769 680 2835 inquit
699 2771 761 2834 Diu,
799 2771 914 2822 stituisse
929 2770 963 2820 sd
980 2768 1086 2818 modum
1104 2767 1193 2817 Graeci
1212 2767 1339 2816 terremi-

224 2845 337 2908 λαμπρῶς
353 2842 468 2906 εἱστίασε,
482 2843 522 2892 καὶ
536 2842 603 2893 siser
614 2843 710 2906 ἔξωτοῦ
719 2863 758 2894 τε·
797 2848 846 2898 nis.
879 2847 974 2912 Itaque
986 2846 1091 2896 athletae
1103 2845 1165 2894 nudi
1174 2843 1340 2893 exercebun-

222 2917 342 2984 espen
358 2918 397 2970 sul
412 2917 494 2969 tram
506 2917 661 2984 spanum
680 2922 759 2985 Pnpu·
797 2930 851 2987 tur,
863 2931 891 2975 et
910 2929 1053 2985 ceromate,
1070 2922 1098 2971 id
1113 2926 1163 2982 est,
1174 2921 1232 2970 oleo
1243 2926 1338 2968 cereto

222 2998 272 3047 lum
282 2997 403 3062 lplmdflt
421 2997 525 3047 0011ῠίάο
542 2997 644 3060 excelli,
661 3002 685 3046 el
699 2997 757 3057 fm-
798 3011 824 3052 et
836 3003 943 3066 pulvere
955 2999 1187 3064 perfundebantur,
1202 3003 1339 3058 utcorpo·

223 3077 327 3123 mentum
349 3078 420 3138 atque
442 3075 519 3124 oleum
535 3077 606 3123 ests-u
622 3079 757 3123 consuetum
796 3076 927 3127 rssndore
936 3081 1102 3126 etcerornste
1111 3073 1220 3132 lubrice,
1230 3078 1337 3123 mutuas

223 3148 318 3208 “tlt'effl·
795 3154 949 3204 luctantium
959 3151 1144 3216 prebensinnes
1152 3149 1338 3198 admitterent.

258 3225 343 3274 Etlsm
367 3226 406 3275 M.
428 3225 547 3290 Agrippa
566 3225 593 3275 in
622 3225 757 3278 liidilitete
797 3230 971 3294 Metamorpls.
988 3228 1150 3279 Ovidinstx.
1174 3226 1244 3275 ‘ille
1261 3225 1336 3275 csvls

224 3300 310 3348 oleum
330 3305 358 3349 et
376 3301 463 3363 selem,
481 3309 511 3351 ut
530 3310 623 3352 unctor
634 3310 675 3353 est
687 3301 758 3354 idern
796 3308 890 3357 hausto
913 3305 1013 3371 spargit
1029 3319 1072 3354 me
1092 3304 1198 3369 pulvere
1219 3301 1336 3365 palmis!

223 3375 276 3424 Dio
287 3386 363 3424 xnrx.
390 3374 444 3424 Sed
456 3389 531 3425 uerno
542 3389 631 3426 eorum
641 3377 673 3426 ed
686 3391 758 3442 gym-
796 3383 937 3446 Virgilius:
953 3381 1104 3430 ‘Exercent
1116 3373 1216 3442 pstriss
1225 3377 1285 3426 oleo
1296 3377 1336 3426 ls-

224 3447 334 3512 nesinm,
361 3448 429 3514 quod
451 3449 492 3499 hic
523 3451 604 3500 Nero.
636 3451 757 3503 Plinius:
797 3451 1233 3521 beutepslaestrssNudntisocii.’

222 3525 231 3552 ‘
242 3524 325 3573 Usum
333 3525 382 3574 olei
391 3525 424 3574 ed
432 3526 560 3575 luxuriem
570 3535 675 3577 vertere
685 3529 758 3578 Grae·
831 3533 932 3583 Plinius
939 3533 1040 3596 scribit,
1050 3531 1160 3580 Graecos
1170 3529 1284 3579 omnium
1296 3527 1336 3578 vi·
1388 3590 1392 3595 ⁴

223 3604 257 3664 ci,
276 3603 301 3652 iu
322 3604 460 3668 gymnasiis
477 3604 652 3668 publicando!
681 3604 758 3656 Adde
797 3607 894 3659 tiorum
910 3609 1049 3672 genitores,
1067 3608 1125 3656 oleo
1146 3605 1173 3653 in
1193 3603 1334 3669 gymnasiis

222 3681 413 3729 Sueton.e.12.
430 3679 535 3744 lipsius.
797 3699 875 3734 usos:
918 3691 946 3734 et
970 3683 1147 3736 Quintilianus
1167 3680 1333 3745 pelaestricos

255 3755 332 3807 Quod
345 3755 756 3821 rocetTueitusfoeilitutnu,Pli-
797 3760 913 3824 demunt,
933 3759 1027 3824 quibus
1050 3772 1111 3822 pers
1131 3758 1193 3807 ritae
1214 3757 1241 3806 in
1263 3757 1336 3820 oleo,

222 3832 280 3880 nius
294 3831 512 3881 lunudumvocet.
559 3839 562 3846 ⁴
797 3847 859 3898 pars
870 3834 896 3882 in
908 3834 968 3882 rino
979 3833 1148 3882 consumitur,

257 3905 354 3969 Oleum]
373 3906 433 3956 Non
446 3912 510 3970 poto
522 3912 609 3956 temen
622 3914 756 3957 senatores
830 3909 923 3973 ltnqne
942 3909 979 3958 nit
993 3908 1110 3969 Tectum,
1124 3905 1262 3970 proebitnm
1279 3907 1334 3957 ole-

223 3986 268 4032 ant
279 3982 380 4047 equites
388 3983 498 4032 nudatos
506 3983 533 4032 ln
544 3985 676 4048 pulensus,
686 4000 757 4035 more
797 3999 839 4034 um
852 3985 991 4049 equitibus,
1004 3971 1178 4044 senatoribus,
1187 3989 1217 4031 ut
1236 3983 1333 4046 pulses·

222 4056 386 4109 Grecornm.
420 4059 490 4108 Num
501 4074 589 4123 supra,
607 4060 696 4112 ‘uuio
717 4075 757 4110 sn·
797 4068 838 4110 trs
849 4066 1043 4110 exercerentur.
1059 4059 1179 4123 Lupones.

223 4133 338 4198 peresse,
352 4133 403 4184 uisi
414 4142 444 4184 ut
462 4147 572 4199 corpore
589 4146 692 4200 quoque
709 4149 755 4185 nu·
788 4161 792 4167 ·
829 4137 957 4202 Romanos
977 4137 1130 4186 Grecorum
1148 4149 1233 4184 mores
1243 4147 1334 4198 esper-

223 4207 295 4274 dent,
318 4214 347 4262 et
370 4217 466 4262 cestus
496 4215 635 4276 assument,
661 4223 756 4277 easque
796 4218 880 4278 ustos,
895 4217 1000 4262 constet
1017 4220 1051 4262 ex
1071 4207 1203 4263 biriollb.
1227 4219 1332 4261 xxxrr.
