2984 4850
523 408 576 455 uu
600 394 734 453 prunos
748 391 973 451 'iussurum
1202 365 1290 445 sies

196 552 312 605 Κλωδίου
339 551 386 603 ⁰¹⁶²
402 549 552 615 ‘'Wlfflin‘’
581 552 722 615 ’‘ww‘'
760 555 1292 623 facilerepercutimperiurn‚quucumque

187 630 271 696 stim
293 629 338 679 ὕπὸ
358 631 402 678 ⁷⁰⁸3
423 628 512 691 δημίου·
556 626 594 677 At
612 629 723 690 ¹9⁰⁸&
760 635 936 683 inclinassent.
953 630 1118 681 Etillefilius
1130 629 1215 692 Sejuui
1227 634 1292 696 netu

192 704 282 771 velpem,
306 712 347 755 est
376 706 446 769 prius
471 718 647 766 corrumpere,
671 717 722 752 uun
762 709 844 772 major
861 709 947 771 potnit
965 707 1053 759 statim
1070 704 1126 766 rapi
1144 704 1178 751 sd
1196 702 1294 765 suppli.

192 783 328 832 occidere:
348 789 375 830 et
394 782 516 844 intelligit
541 780 592 830 Dio
617 779 650 828 de
675 780 723 827 hee
760 784 828 832 cium
847 786 999 845 cumpetre,
1016 787 1062 829 s'ut
1082 780 1245 842 psulupust:
1263 782 1293 826 et

191 858 244 908 ists
262 860 365 922 juniore
386 857 481 920 puelle,
502 870 560 920 quae
583 868 652 903 nunc
674 853 732 928 hoc*
760 860 810 908 boc
821 858 883 909 unte
894 859 1068 921 descripseret
1083 856 1198 915 Tacitus,
1208 855 1253 903 sed
1264 854 1294 903 in

192 934 306 985 bistoriae
319 937 377 985 luco
396 942 424 984 et
442 943 560 998 tempore
577 935 723 996 strangules·
760 937 1022 999 lucebisturiae,quae
1034 932 1122 997 periit.
1154 934 1230 978 Forte
1236 930 1293 993 jem

192 1016 243 1061 ¹²¹¹·
276 1012 335 1059 N⁰¹¹
358 1010 438 1072 igilur
461 1008 549 1058 ¹¹²bl¹lt
570 1009 635 1057 dm
657 1007 724 1057 filla!
760 1014 828 1063 lilius
857 1018 906 1063 iste
935 1011 1068 1062 referebat
1083 1018 1195 1074 petrem,
1223 1007 1294 1057 forte

190 1082 307 1148 Sejanus,
318 1100 423 1149 qustum
431 1092 493 1133 netu
502 1086 585 1149 major
594 1084 725 1145 desponsa
756 1091 811 1152 jam
824 1105 871 1151 per
890 1098 994 1139 aetstem
1015 1102 1097 1151 capu
1120 1085 1171 1135 furt
1190 1085 1242 1133 dou
1261 1096 1293 1131 ιο

192 1167 262 1210 esset
281 1161 383 1211 Claudii
404 1162 468 1223 filiu,
488 1170 516 1210 et
533 1162 621 1212 stetim
645 1162 724 1209 iuter·
760 1164 950 1225 speleri⁸‚f0n0
968 1163 1124 1213 emmim
1138 1158 1294 1223 coujuratio.

191 1234 262 1286 fecta
276 1244 344 1285 esset
362 1252 376 1285 e
394 1238 554 1300 populuum
577 1244 649 1286 certe
661 1244 723 1285 aute
760 1240 800 1287 uis
819 1240 897 1299 illius,
914 1248 942 1289 et
967 1240 1049 1303 ipsum
1076 1234 1221 1286 sacerdotio
1236 1232 1293 1297 Jeut

192 1312 303 1376 rellquos
311 1313 398 1376 sejani
407 1314 511 1363 liberos.
546 1314 640 1362 Posset
650 1319 723 1361 certe
760 1323 901 1365 exornarat
917 1316 1036 1365 Tiberius
1054 1328 1105 1361 nlla
1122 1324 1177 1357 curu
1209 1313 1295 1372 pulte,

192 1388 253 1451 (Μ’
274 1388 393 1452 selmum
416 1389 535 1437 habuisse
565 1388 628 1437 Μ
648 1387 723 1445 filins
761 1400 830 1443 teste
847 1394 934 1442 Dione
954 1392 999 1441 lib.
1022 1404 1097 1440 uvrrr.
1121 1384 1189 1433 forte
1208 1390 1237 1433 ut
1255 1383 1293 1433 sic
1352 1424 1356 1430 Δ

191 1476 298 1527 querum
322 1465 404 1512 altere
426 1464 513 1512 stetim
536 1464 621 1511 occisa
649 1471 724 1525 esset,
760 1466 870 1518 falleret
905 1470 981 1521 Quod
1001 1464 1155 1530 supplicium
1174 1461 1234 1509 huic
1253 1461 1294 1509 ino

191 1537 237 1586 sed
248 1550 280 1583 ex
292 1539 345 1585 sula
361 1538 526 1601 conjectum
545 1538 605 1599 qrris
617 1537 672 1585 scil.
686 1538 723 1599 ig·
761 1544 869 1604 dictum,
880 1545 921 1591 vel
938 1548 1033 1606 sponte
1051 1548 1079 1588 et
1097 1542 1135 1586 irs
1154 1538 1233 1600 ipsius
1251 1537 1294 1587 li-
1364 1596 1367 1601 ¹

192 1618 299 1660 notetur
318 1620 382 1660 ustus
406 1620 433 1661 et
453 1627 529 1659 sexus
553 1613 641 1674 prolis,
664 1627 722 1673 quae
761 1618 835 1677 berii,
853 1617 980 1667 sicfiluuu
992 1630 1064 1665 suum
1082 1611 1151 1662 forte
1164 1611 1294 1660 vindicen-

192 1689 424 1750 priusnecstsest.
459 1686 495 1738 At
506 1688 576 1751 nullo
589 1688 664 1735 mudo
677 1702 723 1749 po·
761 1692 812 1752 εἰη
836 1694 878 1742 vel
905 1691 1011 1739 decreto
1042 1690 1154 1750 ipsorum
1180 1693 1293 1750 petrum,
1358 1700 1362 1706 ·

193 1771 246 1812 test
267 1764 356 1811 inferri
385 1778 418 1812 ex
440 1764 493 1812 ullo
520 1764 577 1811 loco
598 1762 722 1824 historie,
761 1769 831 1817 ultro
852 1769 908 1831 jans
940 1764 1101 1815 adulantium
1122 1764 1237 1824 liberio,
1263 1770 1293 1813 et

191 1852 275 1903 neque
297 1854 330 1887 ex
351 1840 437 1889 Dione
460 1840 525 1903 ipsu,
542 1838 621 1887 lilium
643 1837 723 1888 fuisse
760 1844 882 1893 certatim
918 1856 977 1891 eum
1011 1839 1217 1898 vindicantium
1252 1838 1294 1889 vel

191 1922 254 1963 netu
277 1914 399 1978 majorem
429 1915 535 1977 Sejsno,
557 1916 665 1964 alterum
689 1916 722 1964 ub
759 1918 819 1967 odic
858 1917 939 1966 etium
977 1922 1005 1965 et
1047 1915 1173 1963 instinctu
1212 1913 1293 1977 ipsius

191 1988 251 2049 ists,
262 2004 320 2053 quum
332 1990 374 2037 bic
384 1990 490 2039 vitietur
499 1996 527 2040 et
538 1992 723 2053 strangulatur,
759 1991 860 2055 pupuli,
878 1992 957 2039 telem
980 1990 1105 2040 ultionem
1127 1987 1293 2051 postulantis.

191 2072 220 2115 et
231 2078 289 2129 quse
301 2065 429 2128 desponsa
440 2064 531 2114 fuisset
550 2066 609 2115 elim
622 2065 724 2115 Claudii
761 2068 839 2115 Forte
858 2082 890 2115 ee
904 2072 985 2115 estete
1000 2064 1061 2123 fnit,
1072 2071 1101 2114 ut
1113 2064 1219 2127 proprio
1238 2078 1295 2114 sce·

191 2138 260 2191 filios
273 2142 723 2191 nsrdlnhistorietutsnullsmenlis
760 2142 814 2191 lere
834 2149 880 2191 sut
907 2141 1032 2189 societate
1053 2140 1181 2187 scelerum
1207 2145 1295 2202 pster-

191 2214 335 2280 Sejeuinuae
353 2219 456 2280 puellm,
467 2218 515 2266 uisi
532 2220 605 2282 hujus
615 2225 724 2280 tuntum,
760 2230 849 2266 norrun
862 2218 918 2280 jsm
931 2216 1040 2264 incitare
1062 2222 1152 2277 posset
1164 2216 1229 2264 irsru
1247 2228 1293 2279 ps·

192 2306 250 2355 quae
263 2292 341 2355 juxta
352 2294 469 2356 laqueum
489 2308 637 2356 compressu
648 2298 689 2342 est
708 2308 724 2341 s
760 2294 824 2356 puli,
841 2293 977 2355 principis,
1006 2300 1035 2339 et
1070 2296 1191 2339 senatus:
1223 2288 1294 2339 ferte

192 2368 322 2417 carnifice.
356 2370 391 2417 Et
409 2370 478 2419 clere
499 2370 592 2418 scribit
614 2370 723 2419 Tacitus
760 2376 787 2417 et
816 2369 878 2433 quis
901 2364 962 2417 muli
988 2366 1101 2430 exempli
1129 2370 1157 2413 et
1184 2366 1294 2415 stultum

191 2445 257 2495 bunc
275 2447 356 2509 ipsein
369 2447 490 2508 puellum,
501 2461 559 2511 quae
579 2446 621 2496 uic
633 2447 724 2495 vitiutu
760 2443 810 2494 fuit
820 2459 923 2494 seruere
944 2445 1042 2507 prolem
1065 2442 1145 2490 bostis
1155 2447 1184 2490 et
1199 2442 1294 2506 perdu-

191 2529 242 2583 est,
252 2527 280 2570 et
291 2523 461 2584 strangulatu,
471 2521 550 2571 fuisse
560 2535 633 2585 paeue
643 2521 723 2570 infau-
760 2521 834 2579 ellis;
860 2519 929 2583 quod
953 2534 1004 2568 nun
1027 2518 1181 2567 nesciebant
1202 2517 1294 2566 summi
1379 2529 1383 2540 “

193 2603 263 2657 tcm;
282 2604 310 2646 et
329 2599 391 2661 Dio,
410 2598 477 2649 huuc
500 2599 583 2661 ipsum
610 2599 724 2660 puellum
761 2596 797 2643 illi
824 2596 940 2658 magistri
965 2593 1158 2654 dominationis,
1177 2593 1221 2657 qui
1237 2594 1293 2656 jum

193 2672 347 2736 desponsam
359 2673 438 2723 fuisse
450 2673 553 2732 Claudii
564 2672 629 2731 filiu,
640 2672 684 2736 qui
696 2680 724 2722 et
760 2670 904 2734 implebant
921 2671 1006 2719 lucum
1022 2677 1049 2718 et
1060 2669 1148 2718 munis
1164 2669 1251 2731 Sejuui
1268 2669 1294 2717 in

193 2749 249 2812 ipse
261 2750 433 2812 strangulatus
445 2756 487 2798 est
508 2749 652 2812 Pompeiis,
668 2748 724 2810 jue·
761 2747 936 2806 suls'l'iberii‚
947 2747 993 2794 sed
1009 2745 1109 2808 ‘magis
1127 2745 1294 2795 sliibomines

194 2829 250 2872 tuto
270 2825 295 2872 iu
316 2824 422 2873 sublime
441 2838 515 2886 pyro,
538 2830 565 2871 et
583 2823 653 2870 biatu
673 2823 724 2869 cris
761 2836 837 2884 quem
858 2821 902 2868 ulii
922 2821 1024 2869 meres!
1056 2822 1149 2884 ltaque
1165 2821 1202 2868 sic
1223 2818 1294 2872 forre

194 2903 313 2960 excepto.
346 2897 413 2945 Vide
433 2897 495 2961 quiid
515 2903 601 2958 egent,
619 2901 663 2944 erit
681 2895 725 2958 qui
761 2898 840 2960 periit
852 2898 948 2960 primus
965 2899 1019 2957 ille,
1030 2906 1057 2945 et
1078 2905 1138 2946 netu
1150 2898 1233 2961 major
1247 2899 1293 2948 Se-

192 2969 356 3020 ludentl'utn.
388 2971 450 3019 Fuit
467 2969 536 3019 forte
547 2970 672 3018 novennis
681 2977 725 3018 eut
755 2974 813 3036 juni
830 2972 1077 3037 filius,quscuurque
1089 2988 1168 3021 cause
1178 2972 1294 3038 tendens,

193 3046 316 3094 decennis
333 3048 388 3094 bec
399 3047 502 3108 puelle:
520 3051 548 3092 et
559 3054 632 3093 certe
643 3045 725 3093 omnis
762 3056 976 3112 autquocumque
986 3049 1114 3110 supplicio
1126 3047 1238 3097 effectus
1248 3050 1293 3099 sit.

193 3129 256 3171 aetss
277 3119 370 3170 sufficit
394 3120 528 3169 ambitioni
549 3120 723 3168 ministrorum
764 3124 831 3172 Dein
843 3124 1088 3186 pustes‘placitum
1101 3125 1166 3173 utin
1180 3124 1293 3188 reliquos
1391 3169 1398 3178 ,

192 3211 289 3260 regum,
300 3204 326 3244 et
339 3196 498 3245 destinandis
508 3195 600 3244 telibus
619 3197 724 3258 nuptiis.
760 3197 847 3260 sejani
858 3198 1235 3258 liberos'cnirnsdverteretur‚'
1252 3198 1295 3264 (ut

193 3273 258 3320 Cum
271 3273 351 3334 igitur
362 3271 433 3320 nulle
452 3272 548 3320 mentio
561 3271 593 3320 sit
610 3272 668 3320 tulis
681 3287 725 3334 pu-
762 3274 840 3321 bsbet
859 3273 901 3322 bic
921 3271 1052 3335 Tacitus‚)
1065 3275 1107 3336 qui
1129 3274 1196 3322 bsud
1215 3274 1293 3325 dubie

193 3349 250 3395 ellae
271 3353 334 3394 netu
355 3345 468 3408 majoris,
487 3346 649 3394 verisimilius
667 3360 724 3395 esse
756 3349 872 3411 juniores
894 3355 922 3397 et
942 3349 1074 3407 insontes3
1099 3349 1208 3413 ideoque
1230 3350 1294 3413 ipsis

193 3430 266 3485 puto,
288 3423 407 3485 Sejsuuru
431 3421 550 3474 habuisse
572 3420 635 3469 duos
657 3421 724 3470 lilios
761 3426 885 3471 liscteuus
898 3429 1054 3487 pepercerat
1065 3431 1169 3473 senatus
1187 3430 1214 3472 et
1225 3424 1294 3486 prin·

192 3498 410 3560 masculeisexus,
427 3513 534 3562 quierunt
555 3498 622 3546 ulter
644 3504 724 3547 estete
761 3512 833 3560 ceps.
866 3498 892 3544 Si
914 3497 977 3545 dues
987 3496 1055 3545 filiss
1073 3497 1206 3547 habuisset
1223 3499 1293 3563 Sejs·

193 3575 274 3639 major
297 3575 352 3637 jem
376 3575 518 3623 destinatus
538 3583 564 3623 et
587 3575 724 3638 promissus
761 3580 900 3635 uus,cerle
912 3573 1058 3621 debuerunt
1068 3583 1190 3622 suctores
1204 3573 1295 3623 distin·

192 3650 322 3700 erstliliae
342 3641 445 3699 Lentuli
461 3651 586 3711 Getulici,
606 3651 650 3712 qui
670 3657 724 3698 tum
762 3665 840 3714 gnere
868 3657 978 3698 mortem
999 3651 1157 3712 puellarum:
1184 3658 1212 3700 et
1241 3651 1294 3700 Diu

192 3735 306 3790 proeerut
322 3727 467 3787 legionibus
480 3728 629 3792 Germuuiae
650 3743 724 3790 supe·
761 3726 903 3789 precipue,
923 3725 965 3788 qui
979 3734 1060 3774 tutunr
1078 3726 1125 3773 boc
1138 3727 1293 3788 supplicium

192 3801 281 3850 rionis:
300 3817 357 3863 quae
379 3800 488 3850 nffiuitss
512 3818 562 3852 uou
581 3802 650 3852 forte
669 3805 724 3852 sine
761 3802 888 3865 Sejsuict
909 3799 1019 3849 filiorum
1037 3803 1092 3863 ejus
1110 3802 1225 3850 simulet
1243 3815 1311 3851 une¹
1379 3794 1382 3801 ¹
1484 3814 1485 3827 ¹

193 3891 239 3938 spe
259 3878 594 3941 steinburoueuccupaudi
611 3880 725 3943 qrraudu-
761 3878 828 3925 serie
853 3875 987 3943 describit,
1019 3875 1113 3924 Tradit
1135 3877 1179 3925 ille
1205 3891 1293 3927 omues

193 3965 244 4014 que
256 3952 319 4001 dete
329 3953 465 4001 occasione
475 3955 584 4017 imperii.
619 3957 685 4004 Nasu
698 3963 724 4004 et
762 3953 849 4014 sejani
862 3951 955 4000 liberos
975 3951 1074 3998 occisus
1091 3965 1156 4011 esse,
1174 3959 1201 4000 et
1218 3953 1293 4001 unius

194 4025 318 4074 Getulicc
339 4027 449 4090 parebat
471 4032 548 4077 etiam
576 4033 607 4077 ad
636 4039 724 4080 nissum
763 4035 864 4076 tantum
883 4027 975 4089 puelloe
985 4026 1111 4087 meminit,
1121 4027 1294 4076 cumdistiuc·

193 4103 326 4151 exercitus
349 4105 496 4154 Germanice
518 4106 656 4168 inferioris,
682 4110 725 4157 cui
761 4106 831 4152 tione
842 4117 920 4165 suprn
940 4101 1027 4150 allatu.
1061 4102 1233 4152 erudeutem
1251 4103 1294 4152 bu·

194 4191 242 4239 per
256 4177 286 4226 1..
297 4177 428 4240 Apronium
439 4196 543 4230 socerum
556 4197 600 4230 nou
616 4183 726 4245 ingratus
761 4180 808 4228 bet
828 4178 982 4228 Suetonius:
1006 4177 1176 4227 ‘Immaturae
1198 4180 1293 4241 puelle

194 4249 259 4304 luit:
278 4269 336 4319 quae
348 4247 432 4320 copiae
443 4257 517 4307 simul
533 4261 725 4310 consentientes
763 4253 1296 4321 ..,vitiarepriusscaruiucemeiususu-
