2984 4850
140 392 284 463 u.c:ae.]
418 379 439 394 “
507 389 900 447 annumeramus.
1156 380 1246 447 2000

141 540 232 603 mine
245 536 393 615 Pisonis,
409 536 500 619 quod
514 544 548 601 a¹
562 509 702 601 visendo
715 544 759 602 ‘e'o
774 537 1011 621 prohiberetur,
1027 556 1129 619 seque
1141 538 1243 603 ratio-

140 657 220 703 nem
233 637 434 703 valetudinis
447 644 481 703 et
492 645 649 701 amorem²
664 640 786 721 quietis
803 636 1046 715 excusavisse,’
1061 638 1242 719 respondit.

143 736 239 803 ‘Cur
263 737 402 802 salutern
425 737 547 819 privati
569 738 711 801 hominis
733 740 952 803 incolumitati
973 759 1042 803 snae
1058 738 1243 820 anteferret,
1335 802 1336 811 ,

143 857 284 903 causam
309 857 376 903 nou
395 838 574 903 habuisse:
595 859 657 902 nec
685 840 751 904 sibi
776 848 953 924 promtum
976 841 1020 903 in.
1037 840 1244 905 adulationes

140 939 319 1021 ingenium.
346 938 473 1019 -quue
496 939 578 1002 nulli
602 942 710 1021 magis
739 959 887 1021 gnarum,
903 961 1004 1023 quam
1025 938 1161 1016 Neroni,
1183 940 1242 1023 qni

141 1040 272 1121 saepius
283 1038 469 1102 libertatem
484 1037 643 1115 Senecae,²
656 1058 756 1121 quam
776 1042 944 1105 servitium
959 1046 1117 1122 expertus
1127 1039 1255 1117 'essetf

141 1136 213 1201 Ubi
227 1139 301 1221 lraec
315 1158 337 1202 a
350 1138 617 1203 Tribuno'relata
630 1146 717 1217 sunt,
726 1141 883 1223 Poppaea
897 1148 931 1208 ct
939 1140 1103 1221 Tigellino
1116 1158 1241 1218 coram,-
1322 1202 1325 1209 ,

140 1238 231 1321 quod
247 1244 316 1301 erat
330 1240 479 1303 saevienti
496 1238 645 1321 Principi
667 1240 817 1303 intimum
842 1240 1081 1317 consiliorum,²
1106 1240 1243 1306 interru-

139 1324 217 1419 gaf:
233 1344 243 1375 ‘
256 1358 299 1401 an
313 1338 441 1401 Seneca
455 1337 672 1402 voluntariam
684 1324 820 1404 mortem
835 1347 967 1423 pararet
975 1340 1000 1403 l’
1021 1339 1109 1403 Tum
1119 1338 1242 1403 Tribu-

139 1456 217 1515 nus,
242 1438 357 1501 ‘nulla
381 1436 519 1519 pavoris
542 1437 662 1518 signat
685 1440 767 1503 nibil
792 1443 883 1504 triste
906 1444 940 1503 in
962 1442 1074 1507 verbis
1094 1442 1169 1524 ejus
1184 1446 1241 1505 aut

133 1539 237 1602 'vultu
258 1537 518 1621 deprehensnm,'
542 1539 763 1607 confirmavit.
808 1542 898 1623 Ergo
926 1542 1076 1623 ‘regredi
1101 1549 1133 1606 et
1155 1542 1240 1605 indi·

140 1638 375 1701 ceremortem'
384 1638 546 1721 jubetur.⁰
587 1638 705 1703 Tradit
729 1642 856 1705 Fabius
882 1642 1058 1719 Rusticus,
1082 1646 1171 1705 ‘non
1186 1623 1239 1722 eo,

139 1816 211 1893 qnod
223 1818 294 1867 aditu
307 1818 375 1867 illins
385 1824 529 1881 arceretur,
538 1832 618 1882 seque
629 1833 732 1869 eausam
742 1821 770 1869 in
786 1821 903 1873 morbum
914 1826 941 1870 et
952 1820 1100 1885 cupidinem
1112 1822 1159 1870 otii
1171 1828 1240 1870 retu·

138 1881 210 1931 lusae.
242 1884 279 1931 Ar
289 1882 351 1931 nibil
363 1897 447 1931 causae
458 1880 548 1943 fuisse,
566 1896 614 1931 eur
632 1884 838 1934 incolumitatem
856 1885 951 1948 priuati
966 1886 1075 1934 bominis
1092 1900 1145 1933 auae
1161 1885 1240 1934 saluti

138 1954 319 2009 praeponeret:
336 1960 385 1995 nee
396 1946 444 1995 sibi
456 1960 562 2008 pronum
572 1946 598 1995 in
608 1949 796 1997 assentationes
807 1949 928 1999 animum.
956 1948 1040 2011 quue
1051 1949 1147 1997 nemini
1156 1950 1239 2010 magis

139 2018 310 2071 compertum,
328 2023 405 2074 qnam
425 2010 526 2059 Neroni
545 2010 602 2073 ipat,
620 2013 663 2074 qui
678 2012 773 2073 saepius
792 2014 957 2075 cognovisset
973 2012 1119 2061 libertatem
1131 2014 1238 2063 Seneca

138 2088 217 2134 qnam
227 2076 324 2122 servitu
329 2081 387 2122 tem.
422 2075 483 2122 Cum
490 2074 539 2121 lroec
550 2074 658 2122 tribunus
666 2076 831 2137 renuntiasset,
845 2076 1001 2139 presentibus
1010 2077 1114 2139 Poppoen
1125 2081 1147 2123 et
1160 2077 1240 2137 liget·

137 2137 197 2198 Rau,
207 2140 268 2199 qaod
278 2142 328 2202 erut
338 2138 459 2199 grassanti
465 2152 508 2199 per
515 2139 687 2187 inmunitatem
695 2140 1012 2202 imperatorisauctiaaimum
1020 2140 1179 2203 conuincam,
1185 2154 1240 2202 per·

136 2205 282 2259 cunctotum
298 2206 440 2251 anseneca
450 2201 520 2249 asad
531 2209 698 2265 spontaneam
715 2210 826 2252 mortem
842 2204 1008 2267 disponeret?
1026 2203 1086 2252 tum
1096 2203 1240 2253 monuit

136 2265 255 2326 tribuatus,
267 2266 337 2314 nulla
346 2266 538 2314 animadvertisse
547 2264 691 2315 formidinis
702 2266 808 2329 indicia,
819 2268 933 2331 nilrilque
952 2273 1071 2316 moestum
1081 2268 1109 2315 in
1121 2280 1239 2317 sermone

135 2327 206 2377 illius
218 2336 263 2378 ant
274 2328 341 2377 facie
350 2328 519 2393 perspexisse.
547 2331 632 2391 ltaque
649 2332 747 2380 reverti
758 2332 866 2393 jubetur,
878 2339 906 2379 et
921 2338 1031 2380 mortem
1043 2330 1068 2379 ei
1078 2330 1239 2380 denuntiare.

136 2390 331 2448 munta
348 2392 469 2458 Rusticru,
480 2407 531 2442 non
551 2392 644 2444 eadem
663 2395 706 2444 via
724 2395 834 2445 rediisse
853 2395 980 2460 semaam,
991 2409 1043 2458 qna
1062 2393 1239 2459 veneruntad

602 2523 780 2543 noune-uu

169 2608 183 2653 l
203 2601 248 2652 Ita
258 2604 324 2653 Mas.
336 2605 405 2652 rior.
418 2605 485 2666 Reg.
494 2603 625 2653 editiones
636 2610 739 2653 veteres
748 2609 776 2653 et
786 2604 953 2654 recentiores.
986 2601 1145 2665 Praepositio
1163 2601 1239 2658 ‘aben
1259 2623 1261 2628 ’

136 2683 153 2716 a
172 2667 238 2718 Mas.
255 2667 329 2717 Harl.
350 2669 425 2717 Bndl.
442 2669 499 2718 Jes.
516 2669 656 2716 Rhenanus
677 2682 734 2716 earn
755 2683 858 2733 qnoque
877 2669 1020 2718 omisit—2
1036 2667 1080 2716 lta
1092 2667 1156 2717 Mas.
1169 2667 1239 2716 Flor.

135 2731 216 2786 Corb.
228 2731 309 2782 editio
320 2733 452 2796 princeps,
464 2732 579 2782 Pichena
589 2738 618 2782 et
629 2732 799 2819 recentiores.
832 2733 1001 2796 Puteolanus,
1011 2745 1043 2779 ae
1051 2730 1142 2781 rodone
1151 2730 1239 2781 odua-

637 2879 744 2930 NO'PAE

168 3013 180 3050 5
198 3006 250 3055 Nee
260 3005 307 3055 sibi
315 3007 446 3072 promtum]
460 3007 522 3070 Ipse
538 3006 571 3056 de
589 3021 617 3056 ae
634 3004 668 3056 ad
708 3002 777 3054 feros
789 3004 884 3067 potius,
894 3009 922 3053 et
933 3014 1106 3067 quoscumque
1115 3000 1148 3050 de
1157 3000 1240 3063 suspi-

134 3079 286 3132 Neronem:
320 3083 402 3132 ‘Non
425 3082 544 3131 blandiar
566 3082 668 3131 auribus
708 3076 1239 3140 cionibussuisDenseonsuluiasat,quam

135 3157 206 3206 tuis:
222 3171 271 3206 nec
282 3158 350 3206 enim
360 3157 420 3206 mibi
430 3158 471 3207 hic
479 3172 534 3206 mos
545 3163 594 3205 est.
611 3157 669 3205 Ma·
708 3154 874 3217 lupanaribus
896 3158 975 3217 atque
1001 3149 1147 3214 prostitutis
1168 3159 1241 3198 man·

133 3231 304 3282 luerirnverir
319 3231 460 3296 offendere,
476 3247 552 3297 qnam
563 3233 668 3296 plaeere
709 3229 798 3279 (lasset
815 3228 995 3292 inquisitiones
1015 3241 1077 3276 east
1094 3225 1165 3275 nulla
1180 3239 1239 3291 pro·

135 3307 284 3356 adulando?
312 3309 414 3371 Lipsius.
696 3307 781 3358 xfecto
810 3321 891 3370 sacra,
916 3305 1021 3356 barbari
1045 3304 1109 3356 licet
1136 3303 1240 3369 serique

167 3383 238 3438 'Qui
249 3385 334 3447 sapius
342 3385 474 3433 libertatern
483 3381 591 3445 Seneca]
600 3383 667 3434 Qua
707 3386 784 3448 ritus,
794 3399 845 3433 non
860 3383 964 3433 mitiora
975 3396 1052 3446 quam
1070 3381 1239 3445 cogitationes

133 3459 242 3509 libertas
253 3461 376 3509 adversus
388 3460 519 3523 principes
531 3473 601 3521 saepe
614 3459 667 3507 sin·
708 3461 765 3523 ejus
775 3459 900 3509 fuissent!
933 3456 1116 3507 Freinshemius.

134 3537 227 3586 dicata
236 3536 312 3586 ferro.
329 3537 461 3601 Apopb.l.
473 3551 524 3585 vrr.
540 3535 668 3585 Aristote-
740 3534 842 3584 '’Nutlu
860 3535 953 3598 pavana
974 3533 1055 3596 signu]
1089 3532 1160 3595 Lege
1182 3532 1240 3582 lraec

132 3615 174 3664 les
185 3614 387 3664 ‘Callisthenem
398 3613 552 3676 discipulum
561 3612 668 3660 liberius
686 3642 688 3646 ·
709 3629 769 3664 cum
784 3612 967 3676 sequentibus:
986 3615 1013 3658 et
1023 3608 1142 3671 admitte,
1153 3609 1239 3673 sodes,

133 3691 219 3739 multa
239 3689 371 3739 dicentem
393 3690 463 3754 apud
490 3687 667 3738 Alexandrum
708 3689 850 3738 calumnias
861 3686 963 3735 Dionis.
996 3685 1102 3748 Lipsius.

135 3765 281 3817 Homerico
292 3768 406 3816 carmine
423 3765 565 3814 admonuit.
581 3761 669 3824 datan
740 3771 751 3796 ⁰
768 3762 876 3811 indicere
890 3765 988 3810 mortem
1000 3759 1108 3822 jubetur]
1126 3760 1241 3810 Iurene.

133 3859 175 3904 pos
185 3840 215 3900 δή
224 3861 273 3904 μοι,
283 3840 361 3903 τέκος,
377 3840 467 3901 ἔσσεαι,
485 3838 516 3888 ol'
533 3838 666 3902 ἀγορεύειςε
709 3847 785 3903 gatus
804 3839 933 3887 Tribunus
949 3851 982 3886 au
998 3843 1107 3886 mortem
1123 3837 1241 3886 volunta.-

134 3919 215 3980 Tulr'u,
226 3923 291 3982 aute,
301 3920 396 3982 laquem
406 3917 469 3966 baud
478 3917 550 3966 medo
564 3920 668 3978 tempore
708 3917 772 3966 riam
789 3916 838 3964 sibi
858 3915 958 3964 Seneca
981 3919 1095 3976 pararet,
1114 3924 1171 3959 earn
1188 3923 1240 3958 non

133 3991 207 4045 'vinea
707 3992 812 4054 paranti
823 3990 963 4040 indiceres
975 3988 1173 4052 Neronejussns
1191 3994 1242 4037 est.

165 4078 178 4103 ⁸
191 4072 261 4127 Quod
268 4075 321 4120 erat
329 4067 551 4132 scammiPriucipi
558 4067 669 4116 intimum
708 4069 773 4116 Erat
783 4068 851 4116 enirn
861 4080 994 4128 summum,
1005 4064 1074 4136 qnod
1084 4062 1187 4125 tyranni
1200 4057 1241 4112 ve-

133 4134 296 4208 corraitioram]
314 4145 374 4192 Hoc
385 4145 468 4206 ipsum
484 4144 600 4208 graviter
611 4157 669 4206 pcr-
709 4150 778 4193 teres
789 4143 925 4204 baberent,
937 4142 1058 4191 damnato
1068 4139 1129 4202 jure
1148 4138 1190 4189 vel
1201 4139 1240 4188 in.

134 4224 252 4289 stringit.
277 4222 348 4273 Ptin.
367 4233 438 4274 xxx.
456 4225 482 4274 a.
496 4221 622 4271 ‘Utinam
631 4220 669 4269 in·
705 4219 778 4284 juria
788 4219 894 4270 liberam
905 4217 994 4268 mortis
1006 4215 1159 4267 electionem
1178 4229 1240 4267 eou-
