2984 4850
203 286 297 382 lune
560 334 592 380 o.
614 290 796 381 conunort
821 324 951 383 ruotrt
1144 326 1308 401 [smmis.

703 540 810 593 NorAE

203 698 254 750 que
265 682 345 733 inisse
355 688 476 749 aquae,ul
489 684 618 747 riderent,
636 699 670 736 ue
686 701 738 751 qna
777 691 923 747 curatores,
934 699 1014 751 aquas
1024 685 1144 751 publicas
1153 686 1312 750 privitoronr

202 759 433 822 interciperentur.
461 753 602 809 Caatodilrm
612 762 668 810 istis
678 774 737 809 con·
777 761 882 810 licentia
894 760 1014 823 intercipi
1032 760 1216 825 prohibituros,
1229 767 1260 814 et
1268 778 1313 815 eas

198 834 336 899 jungenda
352 843 412 885 snut
425 834 530 885 uiridia
540 836 694 898 reprimendis
700 838 738 899 ig-
778 837 910 886 uberiores
921 836 1117 903 crebrioresque
1129 840 1291 901 praestituros
1305 858 1311 889 :

203 911 290 964 tribur
306 910 411 961 inerunt
419 913 488 961 euim
500 912 579 972 serni,
589 912 631 977 qui
643 912 740 960 insoles
778 918 807 962 et
818 914 849 961 ad
859 914 907 962 troc
919 914 1067 963 vocabulum
1083 914 1219 977 subaudio,
1229 928 1263 965 ex
1274 927 1315 967 sc-

202 987 388 1039 custodiebant
411 996 519 1052 propter
540 989 668 1038 latronum
693 996 739 1037 aut
779 994 877 1052 querite
891 988 1015 1049 membro,
1025 992 1133 1037 verlruru
1143 990 1247 1042 iniere&

202 1061 301 1126 Quium
321 1062 527 1127 motum‚qniob
545 1064 685 1112 isocetinur
701 1063 739 1112 irr-
810 1063 889 1125 Apro,
909 1063 1020 1112 nutelrac
1044 1066 1194 1127 pannum
1215 1066 1318 1117 &mrte-

202 1139 287 1189 strlom's'
309 1138 477 1202 vocabantur,
502 1139 535 1187 de
558 1139 651 1203 quibus
678 1137 741 1188 ride
778 1139 972 1202 interceptalrc.
989 1140 1215 1201 malmesbiriam,
1228 1142 1320 1206 idest,

203 1214 356 1278 Pignorlunt
365 1216 399 1265 de
411 1216 501 1277 servis,
511 1231 539 1279 p.
550 1219 606 1265 not.
618 1214 660 1263 cui
672 1214 739 1265 eilde
779 1215 998 1265 constituerentur
1006 1230 1036 1264 nc
1047 1224 1191 1279 preessent
1199 1216 1318 1267 castellis

203 1290 224 1339 l.
246 1304 305 1339 xvi.
327 1289 356 1339 li.
372 1295 396 1341 ι.
415 1290 449 1339 de
468 1306 516 1339 oso
534 1298 562 1339 et
571 1290 739 1339 habitatione.
779 1296 807 1340 et
818 1290 968 1341 salientibus
980 1290 1074 1353 passim
1087 1291 1112 1339 in
1128 1292 1234 1360 publico
1247 1293 1316 1342 certi

204 1362 290 1417 littam
310 1366 415 1417 nisidio
430 1366 585 1429 reprimendis
601 1365 697 1427 ι’ῃίὺαο
711 1366 739 1415 irr
779 1366 903 1426 lromioes,
923 1367 968 1430 qui
980 1380 1084 1429 operam
1094 1366 1197 1429 darent,
1213 1380 1246 1419 ne
1258 1375 1317 1419 tau·

201 1444 327 1505 properato
345 1441 445 1491 iniere:
470 1441 505 1490 de
521 1455 598 1505 aqrra,
613 1442 739 1505 intelligo,
778 1447 833 1491 tour
854 1441 914 1490 inde
931 1440 1271 1507 ducereutderirarentqne
1289 1444 1317 1491 ln

201 1518 233 1567 in
262 1519 364 1581 pooltco
392 1524 453 1566 ante
480 1518 550 1566 reden
577 1518 738 1580 collocanda,
778 1530 851 1567 soom
864 1517 971 1581 privati,
990 1523 1020 1567 nt
1037 1518 1130 1581 partim
1145 1518 1318 1585 siccarentur,

206 1592 365 1657 quodetiam
382 1599 470 1641 nostro
482 1607 539 1641 aero
554 1592 612 1642 fieri
623 1593 697 1654 solet,
709 1598 738 1643 ut
778 1592 840 1643 alibi
851 1608 942 1657 parurn
956 1594 1068 1643 irumoris
1079 1594 1282 1659 ejaculureutur‘.

204 1668 231 1718 id
235 1668 378 1733 jubentem
396 1668 468 1717 velut
487 1668 513 1717 in
524 1669 574 1719 hac
590 1668 664 1731 urbe,
677 1671 739 1733 qn'o·
813 1668 903 1717 Habes
922 1668 953 1717 lu·
969 1670 1178 1735 lnpp.‚sntiquis
1188 1687 1196 1731 ;
1206 1672 1236 1721 L
1252 1672 1315 1721 Vor-

204 1743 254 1795 ster
266 1751 383 1811 tempore
392 1736 572 1803 nundinarios,
580 1743 615 1793 ob
623 1744 739 1807 peregrl-
778 1745 854 1795 rosio.
865 1745 895 1794 L.
911 1744 940 1794 F.
951 1744 1005 1795 Pol.
1018 1746 1136 1811 Capitoni.
1149 1744 1247 1798 Scribe
1255 1749 1315 1797 oedi·

204 1832 297 1870 norum
319 1818 512 1867 multitudinem
535 1824 582 1867 aot
603 1819 738 1882 negligen·
778 1820 893 1883 liniare.
910 1820 1015 1869 curatori
1030 1836 1149 1883 umorum.
1185 1820 1263 1885 Item,
1286 1823 1316 1874 t.

203 1894 279 1958 tiam,
294 1893 471 1943 incendiorum
487 1899 562 1943 cesos
579 1901 739 1945 metuuntur.
781 1897 908 1946 Ceronius.
919 1898 949 1945 C.
963 1896 991 1946 F.
1004 1897 1075 1953 erir.
1090 1897 1206 1948 Lnoitlrm
1223 1899 1318 1952 Macer.

203 1969 248 2021 sto
273 1970 335 2019 olim
357 1969 498 2032 praefectus
519 1971 624 2034 vigilum
639 1971 741 2021 solebit
780 1974 931 2038 Rspiuiorrrrs.
958 1976 999 2036 tc.
1029 1978 1125 2023 carator
1146 1988 1269 2037 nqsrorour,
1293 1980 1319 2025 rt

204 2047 355 2095 ‘utcuram
377 2044 527 2107 adhibeant,
541 2044 740 2110 omuesinqnili·
779 2050 904 2101 Minacias.
934 2050 1013 2112 Item,
1036 2052 1075 2100 tlt.
1096 2052 1210 2101 Gnosius.
1231 2049 1270 2103 Μ.
1283 2052 1316 2103 F.

205 2131 252 2169 nos
261 2120 411 2182 admonere,
420 2131 464 2169 .ne
481 2121 641 2185 negligentia
651 2124 739 2188 aliqua
779 2125 818 2174 M.
830 2124 863 2175 N.
875 2126 959 2175 Cerdo.
973 2126 1030 2174 Ger.
1041 2141 1124 2189 opnor.
1135 2126 1224 2191 Ailifis.

202 2191 316 2246 incendii
338 2208 413 2243 casos
435 2195 551 2257 oriator3
570 2201 739 2259 praetereant
811 2200 933 2265 Denique
956 2200 1154 2265 paterfamilias,
1169 2202 1266 2266 primae
1288 2203 1315 2252 ia

206 2284 300 2337 aquam
318 2271 492 2336 unusquisque
509 2272 535 2321 iu
552 2273 739 2323 coenacololra·
778 2276 910 2339 propatulo,
933 2276 988 2325 sire
1010 2276 1036 2324 io
1053 2272 1186 2325 vesubntts
1209 2277 1315 2340 redium,

204 2346 286 2397 locati
302 2348 320 2398 l.
331 2360 377 2396 ιιι.
395 2343 423 2395 ff.
434 2350 460 2397 4.
471 2346 505 2397 de
518 2345 597 2398 oruc.
615 2347 692 2411 praef.
703 2349 739 2399 vi·
778 2351 883 2401 srrisidio
910 2350 1065 2416 reprimendis
1084 2349 1180 2412 ignibat
1199 2351 1317 2410 iuberet:

204 2423 250 2490 gil.
268 2422 413 2474 Freirrriscrra.
702 2469 707 2480 ,
777 2428 827 2478 hoc
839 2433 889 2487 est,
902 2427 1010 2492 quodvis
1022 2427 1219 2480 instromeumm
1227 2427 1318 2478 incen-

238 2499 485 2565 eomgomrrortaa
499 2497 647 2550 etmisidia.
679 2501 740 2551 Tria
778 2503 827 2553 diis
838 2502 1044 2568 compescendis,
1061 2501 1084 2552 ri
1098 2515 1150 2552 non
1166 2503 1254 2553 omnia
1262 2505 1314 2554 sin·

205 2581 267 2624 snut
296 2573 371 2627 lirina
404 2574 520 2627 remedia
552 2575 740 2642 incendiorum,
781 2577 1233 2644 guli,atuemououaliqusett⁴ere
1248 2593 1317 2630 conr-

205 2658 278 2716 aqrtre
299 2652 474 2700 abuudantius
493 2652 519 2699 iu
539 2651 739 2716 poblicodoeu·
778 2654 861 2718 plura.
880 2653 1025 2704 Gromoists.
1078 2681 1080 2686 ·

204 2734 256 2791 tes,
273 2734 301 2778 et
322 2729 477 2792 utquisque
494 2727 682 2791 paterfamiliae
699 2738 738 2780 rc·
796 2731 936 2796 θῆκαι]
960 2731 1032 2780 Poto
1051 2729 1172 2782 corrodet
1187 2730 1261 2794 istos,
1271 2747 1315 2783 ca·

204 2803 344 2866 ceptaeula
354 2816 444 2852 earnm
454 2803 497 2852 rel
506 2802 633 2853 cisternae
642 2804 669 2853 ln
681 2819 739 2873 pro·
777 2808 907 2858 stellarios
917 2807 1072 2872 appellatos,
1084 2808 1146 2872 qnia
1156 2807 1316 2875 diridicolis,

205 2879 298 2946 patulo
309 2879 404 2930 aedium
415 2893 517 2929 suarum
535 2879 656 2943 liaberet,
668 2881 740 2931 deni·
780 2883 832 2950 (uti
851 2889 954 2933 veteres
976 2882 1113 2947 dicebaut)
1128 2883 1183 2934 slve
1198 2886 1316 2935 castellis

205 2973 257 3026 qne
269 2958 369 3024 proprii
380 2958 506 3026 cujusque
517 2957 691 3010 domosmori.
780 2973 904 3026 equarum
930 2958 1060 3024 praeiectl.
1102 2959 1183 3025 Lapis
1209 2953 1316 3012 Rome:

238 3033 306 3086 Nasu
319 3032 653 3098 Lipaiiioterpretationem
664 3035 739 3102 sequi
778 3047 933 3088 cromerus.
971 3045 1116 3086 essarris.
1149 3047 1178 3086 rs.
1216 3049 1314 3087 sauro.

204 3125 379 3174 neuportum,
389 3110 433 3175 qui
442 3125 491 3174 per
498 3111 607 3161 moder
616 3109 740 3176 iutelligit
780 3123 979 3162 cmntmto.
996 3121 1088 3164 ΔΜ.
1105 3123 1243 3163 curru.

203 3186 368 3242 diridicnloa.
385 3188 566 3252 Preterquam
574 3189 653 3251 enirn,
670 3188 739 3254 quod
811 3191 856 3239 De
871 3188 985 3238 castellis
1001 3186 1156 3252 Hesychius,
1171 3187 1317 3253 Vitruvius,

204 3263 296 3312 borum
316 3261 430 3313 officinm
457 3263 589 3326 publicum
610 3261 670 3328 init,
686 3279 740 3314 nou
779 3263 892 3325 Plinius,
902 3270 931 3314 et
940 3263 1135 3326 iurisconsulti,
1144 3263 1187 3314 tit.
1196 3262 1318 3330 deniqne

205 3340 348 3404 privatum,
364 3339 421 3404 qnia
431 3338 524 3390 credat
534 3341 667 3390 Neronem
685 3342 740 3392 cni·
780 3341 940 3406 quotidiano.
972 3339 1066 3389 Sedet
1076 3338 1110 3387 sd
1119 3340 1317 3404 tutelamque.

204 3408 246 3466 rl's
257 3416 423 3467 edificiohoc
433 3431 498 3466 onos
510 3417 609 3468 addere
619 3417 741 3481 voluisse,
779 3431 835 3466 rum
845 3415 950 3466 familior
959 3415 1070 3481 publice
1079 3415 1239 3466 lostitntaer⁴
1247 3417 1315 3469 Qu·

205 3498 237 3542 ut
245 3492 329 3542 aleret
340 3493 467 3541 hominem
477 3492 541 3543 nulli
552 3493 596 3543 alii
606 3493 645 3542 rei
655 3493 739 3544 inteu-
779 3493 806 3543 io
829 3495 929 3559 aliquot
946 3491 1148 3542 ministeriorum
1165 3492 1266 3556 species
1276 3490 1316 3541 di·

205 3576 355 3633 tamquam
372 3576 401 3619 ot
412 3567 580 3622 distribueret
592 3585 739 3635 aquamex·
778 3569 919 3632 docuntur,
937 3567 1050 3631 villicos,
1062 3567 1232 3630 castellarios,
1242 3581 1316 3618 cura·

202 3645 366 3709 sfingosadis
378 3645 513 3709 incendiis,
530 3653 644 3697 anteum
661 3648 740 3698 duce·
779 3643 1317 3708 tores,silicsrlos,tectorea,aliosqueopl·

206 3727 249 3772 ret
258 3735 307 3786 per·
316 3721 431 3770 diversas
439 3720 532 3771 aedium
544 3720 654 3785 parter?
669 3723 738 3786 llar-
776 3719 857 3787 liccs,'
886 3721 924 3770 alt
944 3718 1108 3780 Frontinum
1131 3731 1207 3782 quem
1230 3717 1257 3768 to
1275 3717 1318 3768 iia

206 3798 273 3848 lere.
584 3834 588 3842 .
777 3795 848 3846 ride.
867 3794 972 3858 Lipsiae.

187 3895 191 3900 ⁴
237 3873 305 3924 Mitt
325 3874 410 3924 ornuia
426 3873 468 3923 iric
485 3889 547 3925 sona
564 3880 593 3925 et
625 3875 737 3941 integra.
811 3869 940 3934 Gartodrr]
973 3868 1057 3936 Aquae
1085 3869 1113 3920 in
1135 3869 1244 3920 castella
1264 3868 1318 3934 pri·

202 3947 237 3998 ‘ti
246 3954 284 4011 at,
292 3963 344 3998 noo
356 3951 458 4014 roqrriro
466 3965 525 4000 cum
536 3950 637 4000 Fuimo
645 3967 653 4012 ς
662 3952 738 4016 quip.
777 3960 858 4011 mom,
869 3947 930 3996 doio
941 3959 975 3996 cx
983 3947 1034 3996 illis
1045 3959 1062 3996 a
1072 3946 1230 4009 cistellaria,
1240 3955 1318 3996 certa

204 4039 240 4092 pe
248 4024 318 4091 qnod
329 4040 363 4076 ex
375 4026 510 4090 superiori,
522 4032 595 4090 atque
609 4041 688 4090 arom,
698 4027 738 4076 in·
778 4037 899 4074 mensura
910 4023 1067 4084 distribute,
1089 4018 1210 4072 florebunt
1220 4022 1247 4070 in
1259 4021 1319 4074 loca

205 4101 314 4154 tellectrr
324 4109 512 4168 repetammron
522 4103 556 4153 ad
570 4104 738 4155 loetantium
779 4099 921 4152 destinata.
953 4098 1096 4149 Castellum
1108 4102 1168 4148 erat
1177 4097 1260 4160 locos,
1271 4097 1317 4160 qni

206 4175 321 4228 cuae·
337 4177 449 4246 mciplo,
468 4177 616 4244 διψήσω,
634 4184 663 4230 et
677 4184 738 4244 pro·
778 4173 925 4243 recipiebat
935 4187 1031 4242 aquom
1041 4170 1253 4252 publicem,etio
1264 4173 1318 4226 elia
