2984 4850
229 329 317 403 lpas
585 348 620 407 c.
644 344 825 398 coenatur
844 346 975 397 -nuornr
1173 351 1329 418 [euers.

228 494 356 577 spicea,
370 490 446 557 dosl
458 497 492 553 ot
505 490 644 573 genialis
651 496 756 555 torus·
770 498 804 555 et
818 492 924 555 feces·
936 488 1119 573 nuptiales:
1143 492 1328 557 conclude·

228 595 328 676 nique
341 596 503 676 spectata,
518 610 597 674 quae
612 592 714 656 otium
728 593 763 655 in
773 593 996 669 ,soemiuauox
1010 593 1129 675 operit.

226 748 340 812 mpires,
351 751 401 809 dos,
412 752 436 796 et
450 749 523 797 eaor
539 748 650 812 genialis,
661 750 774 813 toedoeque
792 750 921 814 hymenei:
938 748 1015 798 omnia
1025 751 1117 799 &mum
1127 751 1187 814 oiso,
1196 764 1248 813 quse
1259 734 1331 800 etium

228 816 256 867 ἐκ
264 814 363 863 molere
371 828 420 861 nox
429 814 540 863 monitat.

739 954 873 975 unone-o

184 1066 189 1071 ·
228 1037 314 1103 pulum
325 1042 470 1087 convocatu
479 1043 584 1098 senatu,
593 1037 659 1087 dote
673 1038 755 1099 diets,
766 1038 867 1097 cunctis
884 1036 951 1087 festa
966 1036 1000 1087 de
1011 1052 1083 1087 ruore
1095 1034 1331 1103 frequentantibus,

229 1105 359 1153 nuberet:
391 1102 458 1151 Vide
469 1108 498 1151 et
508 1102 649 1165 Sulpicium
666 1104 787 1152 Severum
805 1103 874 1153 iuter
885 1102 1031 1152 testimonia
1047 1103 1172 1151 Veterum
1192 1102 1334 1167 laudatum,

229 1167 273 1231 qui
283 1168 350 1216 hunc
360 1166 447 1215 Taciti
458 1166 542 1215 locum
554 1167 701 1229 exscripsit.
734 1167 788 1215 Pro
798 1167 854 1230 os'si,
865 1177 910 1215 aut
930 1166 1006 1228 missi,
1019 1172 1048 1215 ut
1063 1166 1123 1215 olim
1134 1165 1331 1231 emendabatur,

228 1230 423 1294 conjiciebstl.
435 1230 590 1294 Gronovius,
598 1230 694 1282 mbo.
711 1231 832 1281 lirotier.v

731 1354 838 1404 NOTAE

228 1463 300 1499 rasse
313 1450 463 1500 Suetonium
474 1451 501 1499 in
512 1450 615 1500 nomine
627 1450 761 1514 Dorypho·
802 1451 923 1503 dissentit
934 1452 1080 1514 Suetonius,
1091 1458 1136 1501 aut
1147 1459 1227 1501 errat.

229 1527 261 1588 ri,
279 1527 325 1591 qui
342 1525 497 1575 interfectus
509 1542 525 1575 a
535 1527 641 1575 Nerone
660 1525 759 1586 fuerat;
833 1530 1001 1595 Denupsisset]
1024 1529 1099 1579 Anno
1112 1530 1203 1580 Rornae
1215 1528 1331 1579 condite

230 1608 259 1649 at
275 1616 346 1663 ssepe
361 1609 434 1651 certe
453 1601 575 1650 dissentit
593 1602 732 1651 Suetonius
746 1617 762 1650 a
801 1608 858 1654 817.
894 1606 992 1654 Christi
1012 1605 1064 1653 uati
1085 1608 1126 1653 ol.
1160 1603 1229 1653 Vide
1258 1614 1336 1652 notas

227 1676 324 1726 'l'acito
334 1678 361 1725 iu
370 1673 570 1726 circumstantiis
579 1691 705 1741 personae,
715 1691 761 1725 nu·
802 1694 861 1742 cap.
875 1684 915 1728 12.
1172 1686 1174 1693 ’

229 1754 304 1816 tueri,
314 1754 374 1815 loci,
384 1759 429 1801 aut
441 1753 574 1816 temporis.
833 1760 847 1787 ¹
863 1754 970 1803 inditum
1013 1754 1149 1817 imperatori
1179 1750 1333 1816 flammeum]

262 1831 341 1879 Certe
360 1830 402 1878 vel
420 1830 586 1892 Pythagoras
601 1827 692 1877 hahuit
710 1827 761 1877 duo
801 1831 969 1892 Flammeum,
983 1844 1064 1893 genus
1076 1835 1117 1877 est
1128 1828 1280 1878 vestimenti
1298 1829 1338 1877 lu·

229 1906 343 1969 nomina,
358 1906 401 1953 vel
419 1905 470 1954 duo
489 1903 596 1953 fuerunt
614 1905 762 1969 Doryphori
802 1907 839 1957 tei
851 1907 954 1968 coloris,
965 1921 1016 1970 quo
1027 1920 1095 1955 novo
1105 1913 1186 1966 nuptu
1199 1903 1261 1953 boni
1275 1903 1338 1953 omi·

229 1981 257 2029 in
276 1982 326 2029 hoc
345 1981 414 2042 aula,
432 1981 475 2029 rel
497 1987 539 2029 ter
560 1980 649 2042 nupsit
670 1982 760 2041 Nero;
802 1982 842 2029 uis
874 1995 952 2029 causa
980 1978 1157 2029 amiciebatur.
1184 1978 1333 2028 Martialis:

228 2070 324 2118 nempe
352 2056 521 2119 Pythagorae,
546 2056 711 2119 Doryphoro,
733 2064 761 2105 et
799 2056 971 2105 ‘Praeluxere
988 2054 1070 2117 faces,
1081 2054 1200 2103 velarunt
1212 2051 1337 2103 flammea

227 2131 321 2192 Spero.
338 2130 495 2193 Pythagorae
507 2137 537 2178 ut
556 2129 669 2194 foemiua,
677 2132 761 2195 Spore
801 2132 906 2181 vultus!

229 2205 321 2267 uuir,
332 2211 360 2254 et
377 2205 473 2253 iterum
493 2206 649 2269 Doryphoro
666 2213 696 2255 ut
715 2204 776 2265 foe-l
835 2209 887 2260 Qui
907 2208 1051 2257 versiculus
1069 2222 1084 2255 a
1101 2220 1142 2255 ure
1159 2203 1193 2253 de
1205 2203 1337 2254 industris

229 2280 308 2329 mma.
341 2280 448 2343 Quippe
464 2279 601 2329 muliebria
612 2280 762 2343 patiebatur
802 2285 900 2335 citatus
918 2292 967 2348 est,
986 2284 1047 2349 quia
1064 2282 1202 2346 plurimum
1218 2279 1284 2329 facit
1303 2280 1337 2331 ari

230 2357 314 2419 Nero,
324 2365 353 2407 et
369 2355 557 2411 conficiebatur
568 2371 585 2405 o
595 2356 762 2419 Doryphoro,
801 2360 1000 2423 intelligendum
1010 2360 1079 2423 quod
1091 2357 1218 2423 sequitur,
1227 2372 1288 2405 cum
1298 2356 1338 2406 fs-

231 2434 443 2484 testeSuetooio.
476 2433 761 2496 Atsporurn‚‘exseo·
802 2439 870 2488 cium
890 2437 1046 2501 nuptialium
1067 2437 1116 2486 hoe
1144 2436 1204 2484 loco
1226 2433 1337 2498 Taoitps

229 2509 264 2558 tis
281 2509 392 2558 testibus
414 2510 439 2556 in
464 2508 616 2558 muliebrem
642 2516 762 2559 naturum
801 2513 957 2564 mentionem
970 2511 1053 2560 feeit:
1080 2509 1232 2559 taedaeuim
1248 2507 1337 2570 nupti·

229 2584 415 2647 mausiigurare
426 2592 535 2634 conatus
547 2583 607 2634 est!
803 2590 850 2644 alls
861 2603 936 2638 norae
948 2593 1038 2650 nuptae
1050 2584 1251 2650 proferebatur.
1262 2585 1337 2647 Virg.

262 2653 301 2707 Et¹
314 2659 364 2706 boc
391 2659 531 2706 discrimen
553 2657 603 2708 fuit
623 2659 693 2708 inter
714 2661 761 2708 bas
800 2669 871 2714 ‘uec
889 2663 1006 2726 conjugis
1023 2676 1134 2725 uuquam
1146 2659 1339 2712 Praetendite·

228 2735 342 2796 nuptias.
376 2734 458 2795 Igitur
478 2749 494 2782 a
513 2735 669 2798 Doryphoro
682 2751 762 2800 seps·
802 2738 1019 2800 dan,authaecin
1034 2735 1135 2788 fredera
1153 2735 1231 2786 veui!
1257 2736 1338 2801 Lopa-

228 2809 341 2871 tt'ebotur‚
352 2824 404 2872 oure
409 2808 527 2868 jasubu.
801 2831 853 2864 uus.

225 2944 227 2947 ,
260 2886 354 2949 Neque
364 2885 488 2949 distingui
505 2884 585 2935 dehet
596 2887 760 2950 Pythagorea
834 2889 992 2952 Flumineam]
1014 2889 1073 2941 Quo
1085 2886 1237 2952 plerumque
1248 2887 1338 2950 capita

229 2961 429 3024 aDorypboro;
456 2962 517 3024 quia
535 2961 699 3025 Pythagoras
716 2977 762 3026 po·
801 2971 924 3014 matronae
937 2970 1065 3024 tegerent,
1075 2968 1146 3012 teate
1157 2963 1253 3011 Nonio.
1275 2963 1337 3017 Fuit

228 3036 331 3087 cillator
351 3036 472 3098 Neronis,
491 3043 520 3085 et
540 3037 712 3100 Doryphoroe
728 3037 761 3088 ab
802 3048 914 3103 tegmen,
934 3055 983 3104 quo
1001 3054 1068 3088 nora
1087 3043 1168 3101 nupta
1185 3037 1337 3087 amiciretur

227 3113 358 3174 epistolis;
376 3113 762 3176 quippetelesconcubinisunt
803 3116 862 3166 boni
877 3115 969 3164 ominis
988 3129 1075 3176 cerasa,
1093 3111 1161 3176 qrrod
1181 3111 1335 3162 eo·assidue

228 3200 317 3234 omues
328 3187 493 3248 pocillatores
505 3186 575 3250 apud
590 3187 694 3238 Poetae.
726 3190 761 3238 Et
803 3191 925 3242 utebatur
944 3188 1095 3250 Flaminica,
1111 3186 1137 3235 id
1150 3192 1201 3249 est,
1211 3178 1335 3238 Flaminis

229 3265 360 3314 Martialis
376 3265 403 3314 id
426 3267 512 3316 innuit
533 3268 566 3316 de
584 3267 644 3330 ipso
664 3270 762 3334 Pytha-
801 3281 878 3330 uxor,
898 3266 939 3316 cui
959 3280 1010 3315 non
1028 3264 1126 3316 licebat
1146 3261 1235 3314 facere
1251 3263 1336 3312 divor·

225 3353 309 3402 gorm
335 3340 436 3404 sicque,
456 3346 579 3404 utputo,
598 3343 772 3407 Dythagoras·
802 3341 876 3404 tium,
895 3341 933 3390 ait
951 3338 1091 3403 Pompeius
1108 3336 1208 3387 lih.v1.
1225 3344 1335 3402 eratque

228 3413 386 3464 concubinus
404 3429 455 3462 non
473 3415 554 3479 magis
572 3415 622 3466 fuit
633 3433 649 3466 a
661 3419 761 3481 poculis
801 3417 888 3469 velum
899 3415 964 3466 lutei
975 3415 1077 3476 coloris,
1087 3420 1117 3466 ut
1131 3412 1232 3462 Plinius
1244 3411 1336 3478 refert,

229 3489 351 3551 Neronis,
358 3505 434 3553 qnam
444 3492 528 3540 oeteri
540 3492 645 3544 exoleti.
793 3505 861 3557 ¹stru.
875 3496 900 3540 8.
921 3491 1067 3545 Vertrunius.

260 3564 409 3615 Binomiues
430 3566 457 3614 hi
478 3567 586 3630 liberti;
614 3569 653 3618 ita
670 3576 700 3620 ut
712 3585 761 3630 ‘no-
835 3567 993 3630 Ftonsnreum]
1015 3565 1076 3614 Fuit
1084 3565 1170 3614 velum
1180 3565 1291 3623 luteum,
1301 3563 1334 3614 do

227 3639 297 3692 trtius
317 3640 422 3704 proprio
442 3656 489 3690 seu
509 3642 711 3705 Graecusimul
732 3652 761 3696 et
802 3657 852 3706 qrro
869 3642 938 3691 Plini
951 3646 1046 3690 une.
1081 3639 1177 3689 ‘Lutei
1198 3639 1274 3690 rideo
1290 3643 1334 3691 ho·

225 3715 330 3779 Latino,
348 3716 452 3779 patroni
470 3731 564 3780 nempe
581 3719 708 3774 vocabulo
721 3720 760 3768 in·
800 3731 888 3766 uorem
907 3715 1110 3780 antiquissimum
1128 3714 1154 3762 in
1175 3715 1332 3778 nuptialibus

226 3793 393 3857 signireutur.
426 3794 470 3842 Sic
485 3794 632 3859 Narcissus,
641 3795 760 3850 Antonias
799 3793 924 3848 flammeis
942 3801 1025 3851 toturn
1044 3795 1153 3844 foemiuis
1174 3808 1334 3858 concessam,

228 3869 324 3932 dictus,
334 3869 371 3918 sic
382 3876 411 3918 et
422 3869 510 3916 Pallas
523 3870 638 3919 Claudius
648 3869 760 3920 vocabar
800 3878 828 3920 et
839 3870 955 3932 fortassis
966 3870 1025 3920 ideo
1042 3871 1170 3922 numerari
1183 3872 1253 3922 iuter
1264 3871 1332 3934 prin·

226 3951 288 4004 tur;
316 3944 363 3993 sed
377 3958 516 4008 ,nunquam
538 3945 634 4008 duplici
657 3947 760 3998 nomine
799 3948 907 4012 cipulss,
922 3949 971 3998 hoc
987 3955 1037 4010 est,
1054 3961 1203 3998 oommuues
1219 3947 1331 4006 muribus

227 4023 323 4086 patrio,
342 4037 388 4072 seu
404 4022 651 4086 Graeooappella113
673 4024 713 4074 itu
730 4031 760 4080 ut
800 4022 965 4087 aeruminis,
980 4023 1224 4089 quoniamrocietss
1236 4021 1332 4086 princi,-

226 4098 284 4163 iste,
293 4115 320 4150 v.
330 4115 355 4163 g.
373 4100 536 4162 Pythagoras
546 4101 621 4148 sirnul
633 4108 661 4149 et
671 4102 759 4165 Dory-
800 4108 890 4168 patum
902 4099 991 4150 dedit!

227 4173 324 4239 phoras
332 4177 522 4242 appellaretur.
536 4175 627 4241 igitur
638 4192 655 4227 s
664 4177 759 4228 Tacito
833 4174 992 4240 Ftonnesu]
1016 4174 1059 4224 sic
1070 4173 1261 4240 dictuu,iorte
1270 4169 1331 4240 quia
