2984 4850
248 364 336 432 1860
604 380 638 428 o.
660 378 842 428 coenanti
864 373 992 428 riorus
1183 380 1231 447 [Α.
1241 382 1277 438 υ.
1288 387 1344 442 ern

248 524 334 590 rium
346 523 562 602 constitit3'ut
573 522 698 588 borreis
713 523 834 604 ignem·
854 521 1041 606 injicerent:
1065 523 1247 606 contraque
1267 541 1344 608 pro·

247 625 367 692 diderit
380 623 547 702 Corbulo:
560 628 571 659 ‘
586 624 728 689 Parthos
742 626 863 705 inopes
876 624 1058 705 copiarum,
1069 627 1102 686 et
1114 623 1240 704 pabulo
1254 624 1345 690 attri-

246 733 295 803 to,
308 725 481 791 relicturos
502 725 795 807 oppugnationem,
810 741 917 806 neque
938 724 1075 805 septus
1098 723 1196 788 tridui
1219 724 1343 796 itinera¹

251 825 422 892 ebsdissess
464 824 612 910 AdJecit,
621 828 632 858 ‘
642 824 1107 946 Jurejnrendoffiaetitcnubim
1121 825 1211 907 apud
1225 825 1346 908 signer

828 937 842 976 a
861 939 895 974 ω
908 940 916 976 o
927 933 991 986 rent
1003 935 1047 989 1211

245 1024 325 1088 ἅμα
339 1024 429 1074 terreis
443 1026 608 1082 cdnaamr
622 1028 747 1088 contraque
765 1023 886 1088 nupserit
895 1020 1016 1083 'celan
1038 1023 1152 1073 Parthos
1167 1037 1264 1086 egenos
1276 1037 1345 1072 com·

246 1095 386 1150 meatuum,
405 1095 434 1138 et
453 1089 549 1153 pabulo
566 1088 694 1150 sbsnnrto,
716 1089 876 1138 obsidionem
893 1087 1039 1147 omissuros,
1060 1101 1144 1151 neque
1166 1101 1195 1136 se
1216 1094 1343 1136 remotum

246 1151 349 1203 fuisses
364 1153 450 1203 eastris
465 1152 572 1216 otmar,
583 1151 631 1202 nlsi
641 1151 683 1201 ria
692 1153 771 1203 trium
782 1152 891 1202 dierum.
922 1151 1054 1213 Adiunxit,
1065 1151 1167 1200 Peiora
1182 1157 1345 1202 sacramanto

704 1280 805 1301 'unu
808 1281 835 1302 n
838 1280 896 1300 uu

279 1364 293 1408 l
310 1359 354 1410 Slc
372 1360 455 1411 ntes.
472 1374 488 1411 e
504 1360 617 1412 Budena.
628 1357 949 1423 Priuslegebstnrits'sm’.
967 1357 1134 1412 oberlin—t
1150 1359 1195 1409 Its
1210 1360 1274 1412 Mss.
1293 1360 1345 1410 edi·

740 1517 849 1572 NOTAE

278 1631 342 1682 ·Ut
358 1631 450 1682 terreis
468 1631 560 1694 iguem]
586 1629 709 1683 Attamen
730 1645 775 1695 pe·
816 1628 865 1678 bns
881 1628 950 1691 risit,
968 1634 997 1679 nt
1011 1629 1032 1679 si
1052 1629 1109 1695 quis
1128 1629 1229 1680 cinctus
1246 1629 1344 1680 inveni·

246 1707 377 1772 pigersnt,
393 1715 551 1757 commeatus
569 1722 657 1757 omues
677 1706 733 1756 iore
748 1707 775 1755 in
816 1711 889 1754 retur
899 1706 925 1754 in
936 1707 1059 1769 Daphne,
1069 1705 1210 1756 discinctus
1220 1706 1335 1756 rediret!

246 1790 381 1850 potestate
393 1784 557 1832 Parthorum.
590 1784 776 1848 Soprsz‘cas·
850 1781 946 1831 Literae
970 1782 1057 1846 lectae,
1083 1788 1112 1831 et
1134 1775 1230 1831 habitat
1252 1783 1346 1832 allocu-

246 1859 360 1923 tellnqne
369 1863 397 1908 et
407 1866 565 1914 commeatus
573 1859 678 1909 Parthis
689 1857 776 1907 tradi!
816 1855 915 1910 tiones.¹
923 1857 1076 1921 Spartianus
1084 1856 1346 1908 inPescennioz‘lta·

244 1935 298 1986 Sed
326 1937 376 1985 hoc
401 1935 594 1997 intelligebatur
620 1939 721 1983 tentum
743 1934 776 1982 de
818 1947 868 1996 que
887 1934 944 1983 misi
962 1935 1052 1984 literas
1063 1933 1207 1984 recitandas
1218 1933 1251 1983 ad
1263 1933 1346 1998 signa,

246 2011 360 2060 castellis
381 2015 410 2059 et
431 2010 513 2072 copiis
535 2008 677 2070 Armeniae,
692 2015 720 2057 et
741 2008 775 2058 de
816 2008 925 2071 quibus,'
947 2013 996 2060 &c
1029 2009 1155 2060 Tacitus:
1175 2013 1344 2064 ‘contractos

243 2082 441 2144 commestibns,
451 2083 495 2146 qni
509 2090 584 2132 erant
594 2084 620 2131 in
631 2084 669 2133 bis
680 2085 775 2134 castel·
815 2082 842 2131 in
854 2083 983 2146 principia
1002 2084 1096 2134 milites
1110 2085 1191 2149 jussit
1201 2099 1261 2134 cnm
1273 2085 1346 2134 silon·

244 2158 290 2207 list
309 2165 339 2207 et
354 2158 411 2207 baec
422 2159 516 2207 borres
529 2165 644 2208 cremata
654 2165 730 2209 crant
748 2160 775 2207 in
816 2157 853 2206 tio
863 2159 971 2208 andire.’

245 2235 480 2297 csstris'Romsnis,
489 2241 517 2284 et
527 2241 669 2298 potuerunt
680 2236 776 2285 Rorna-
848 2234 991 2296 Castigatio
1002 2242 1031 2285 et
1046 2235 1174 2286 interdum
1185 2235 1345 2286 animadver·

246 2309 274 2357 ni
294 2307 450 2358 trumentum
469 2309 534 2359 illud
554 2324 641 2359 securri
655 2310 775 2371 crebere,
815 2305 853 2356 sio
875 2307 920 2358 ibi.
957 2309 1095 2360 Suetonius
1114 2310 1219 2361 Othone
1243 2325 1300 2374 cap.
1320 2315 1344 2361 l.

246 2385 289 2436 rel
305 2400 490 2451 corrumpere:
510 2385 544 2437 de
564 2401 615 2452 qno
630 2386 776 2451 nibilpacti
816 2383 921 2433 ‘Ausus
941 2391 982 2435 est
1004 2385 1099 2436 milites
1117 2386 1241 2451 quosdam
1258 2388 1345 2453 capite

246 2467 331 2513 eraut.
816 2458 917 2521 punire,
936 2467 963 2509 et
980 2461 1085 2524 quidem
1101 2469 1161 2512 ante
1173 2464 1304 2527 principia
1316 2477 1345 2514 se

279 2538 435 2601 ‘Contraque
447 2538 580 2602 pradidm't
598 2536 711 2600 desb]
743 2538 774 2586 Iu
815 2534 919 2584 corsus!
952 2536 1090 2586 Frontinus
1111 2538 1157 2588 lib.
1174 2552 1213 2589 rr.
1228 2538 1343 2604 ὅπως.

245 2615 446 2673 commentariis,
468 2614 569 2677 opinor,
597 2621 642 2663 ant
668 2614 776 2663 historia
815 2611 952 2661 ‘tecm
970 2612 1099 2662 memorias
1110 2613 1343 2676 tradiditint'ortn

245 2689 335 2738 harum
347 2703 441 2737 rerum.
473 2689 575 2737 Plinius
592 2688 775 2739 certecorbu-
815 2686 1007 2749 comprehensis
1024 2688 1129 2739 dextras
1139 2702 1195 2739 esre
1215 2691 1344 2754 praecisas,

246 2763 331 2812 lonern
346 2763 415 2812 inter
427 2764 568 2826 scriptores
580 2765 721 2827 recensuit,
732 2764 774 2815 ln·
814 2762 976 2814 autrtlenius
985 2763 1345 2831 animadvertererolnissent,

231 2864 234 2870 ,
245 2838 305 2887 dice
313 2838 359 2889 lib.
367 2852 395 2887 v.
405 2845 434 2887 et
445 2851 484 2888 vr.
501 2838 605 2901 lipsius.
812 2834 840 2883 in
852 2834 985 2900 principiis
999 2840 1149 2902 anatinam
1159 2838 1279 2903 missum!

241 2963 244 2973 ,
280 2912 425 2977 Contraque]
453 2914 595 2963 constabat
616 2913 774 2979 superfuisse
846 2910 952 2974 Signum
973 2913 1053 2963 etism
1069 2929 1161 2978 pugnae
1173 2916 1343 2979 propositum.

245 3004 372 3041 monam
382 2987 521 3039 Romanis:
531 2987 776 3039 ateontrsfrurneu-
814 2988 944 3039 Isidorus:
957 2992 965 3018 ⁴
976 2990 1099 3054 Russara,
1109 2993 1194 3055 pridie
1212 3008 1289 3058 quarn
1305 2994 1343 3042 di-

245 3065 267 3113 ti
277 3079 373 3127 egenos
381 3063 460 3115 inisse
469 3064 590 3128 Parthos,
597 3064 702 3127 scripsit
712 3064 774 3113 Cor·
814 3065 960 3115 minandum
977 3075 1054 3127 esset,
1070 3070 1172 3118 solebat
1193 3077 1254 3119 ante
1274 3070 1344 3133 prin·

245 3139 315 3202 bulo,
326 3142 380 3190 sive
390 3141 416 3189 id
429 3146 482 3189 tum
495 3140 619 3189 nuntiarit
635 3140 662 3189 in
673 3140 774 3204 urbem,
809 3139 884 3203 cipis
894 3142 965 3205 poni,
982 3145 1054 3210 qnasi
1073 3143 1214 3195 admonitio
1235 3151 1263 3194 et
1278 3144 1343 3194 indi·

244 3213 299 3263 sire
316 3214 505 3263 commentariis
521 3216 572 3263 suis
589 3215 617 3263 id
628 3215 774 3279 tradiderit,
815 3215 882 3265 cium
893 3214 1108 3281 futurre'pngnae!
1129 3220 1234 3282 Lipsius.
1285 3268 1287 3273 ,

245 3290 286 3339 ael
297 3290 489 3353 torte'ntroque
499 3292 576 3356 inodo
587 3292 741 3356 prodiderit.
846 3290 920 3355 Apud
929 3293 1009 3356 signa]
1033 3295 1343 3346 Qutahaecvelutlsanc·

276 3372 288 3396 ¹
306 3365 409 3413 Omnis
418 3367 482 3427 apud
490 3365 573 3428 αἱμα]
584 3366 692 3429 Specta,
699 3368 774 3430 jure·
814 3366 914 3417 tissima
923 3368 1028 3417 numina
1035 3370 1176 3433 legionum,
1191 3370 1293 3433 etquis
1302 3369 1343 3419 llic

244 3439 295 3500 nis,
298 3440 449 3503 juramenta
461 3441 632 3489 Romsnornm
643 3443 712 3505 spnd
723 3444 774 3507 sig·
812 3441 937 3505 imagines
957 3442 1090 3507 principis,
1110 3443 1184 3505 cnjus
1200 3442 1343 3495 fortunaet

244 3527 289 3563 ns:
306 3514 332 3563 id
349 3521 399 3576 est,
411 3515 449 3563 uti
460 3528 509 3579 ego
527 3516 695 3577 interpretor,
703 3518 773 3581 apud
813 3516 934 3581 auspiciis
944 3518 1059 3580 Reapnb.
1069 3517 1222 3582 gerebatur:
1234 3518 1342 3581 lriscjn·

244 3589 383 3653 principia.
415 3590 472 3639 lllic
491 3591 560 3640 enirn
579 3591 651 3653 signa
670 3598 698 3642 et
718 3593 773 3655 ple·
812 3592 905 3642 tabent
916 3592 1051 3659 foedusque
1062 3592 1163 3643 inibunt
1174 3593 1244 3657 apud
1261 3596 1342 3657 sigar,

243 3677 335 3730 rosque
365 3672 508 3715 castrornrn
540 3667 658 3715 solennes
690 3675 774 3733 actus,
813 3672 842 3715 et
857 3667 955 3730 aquilas
971 3680 1001 3717 ec
1018 3668 1099 3718 veluti
1114 3670 1186 3717 Deos
1201 3676 1342 3732 presente

243 3739 314 3804 apud
325 3739 462 3803 principis,
478 3741 589 3803 notabis,
601 3742 756 3794 celebratos.
812 3740 1020 3793 obtestabantur.

264 3815 320 3863 ‘Sic
328 3815 372 3877 jus
380 3814 407 3863 in
417 3814 548 3879 principiis
559 3816 667 3867 dictum.
685 3818 773 3868 lirina
844 3818 916 3880 spur
930 3816 1012 3880 signs]
1037 3818 1213 3882 Jnrejnrnndo
1223 3826 1343 3873 uncmn

242 3892 292 3943 lib.
308 3906 411 3942 xxrrrr.
428 3892 575 3942 ‘Tribunos
602 3900 688 3943 tamen
712 3896 773 3959 jura
812 3891 876 3941 illud
895 3890 978 3943 toedns
1000 3893 1027 3941 in
1051 3894 1169 3959 utrisque
1190 3896 1293 3958 castris,
1311 3900 1344 3945 nt

243 3967 355 4018 reddere
363 3966 389 4015 in
398 3968 532 4031 principiis
539 3968 682 4021 sinebant?
696 3971 772 4021 Edic-
811 3974 886 4033 puto,
892 3975 920 4019 et
927 3969 952 4018 in
960 3968 1083 4019 Romsnls
1091 3970 1184 4021 castris
1194 3970 1264 4036 spnd
1274 3970 1342 4035 prin·

235 4041 467 4105 'tslbipropositn
498 4042 634 4092 Vulcatius
642 4044 669 4092 in
676 4043 771 4095 Avidio
810 4043 969 4109 cipis,apnd
987 4045 1098 4109 squilas,
1109 4060 1168 4111 quas
1179 4044 1342 4097 sanetiss'mn

244 4116 349 4167 custo:
373 4118 468 4168 ‘Nam
487 4118 576 4177 statim
595 4118 676 4169 etad
698 4120 774 4183 signa
811 4120 1045 4173 marcomannica.

242 4190 312 4242 edici
322 4192 410 4258 jussit,
417 4198 446 4244 et
456 4206 620 4259 programma
627 4192 655 4243 tn
670 4194 775 4259 paricti-
