2984 4850
177 375 319 438 sesa]
375 438 381 447 ⁵
518 343 744 419 'annuorum
763 370 837 421 nra.
859 372 926 453 xv.
1202 356 1293 441 leet

177 515 419 597 ritaiamaque
437 510 701 594 laudatum,·per
721 512 886 577 sennam
901 512 1210 597 impudicitiamque
1223 514 1283 581 Ti·

178 615 321 699 gelliuus
334 614 371 677 iu
391 612 504 677 animo
523 613 690 695 Principis
709 614 869 691 anteibat,
876 614 1118 723 ,fatigabatque
1134 616 1369 681 'erimina-ratut
1421 688 1424 695 Ι

177 718 335 791 tionibus,
360 734 403 779 ac
425 726 519 797 saepe
538 716 573 777 in
587 720 712 779 metum
726 714 923 791 adduxerat,
951 716 1048 798 quasi
1072 717 1284 783 ‘adulterum
1422 741 1427 748 ·

177 813 392 899 Agrippinae,
405 819 439 877 et
455 814 620 878 desiderio
641 815 716 897 ejus
730 816 849 882 ulboni
866 816 1049 881 intentum?
1091 817 1207 901 Igitur,
1222 817 1284 885 unt
1345 802 1350 865 l

178 915 374 999 conjuratis,
397 914 597 983 Praefectum
618 926 755 999 quoque
781 917 937 983 Praetorii
960 919 996 981 in
1013 922 1122 1001 partes
1148 918 1283 983 descen·

179 1017 283 1094 disse,
303 1018 417 1081 crebro
438 1017 548 1099 ipsius
569 1036 719 1083 sermone
738 1017 829 1083 iacta
848 1018 957 1099 ,fides3
979 1016 1224 1103 promtius'jam
1238 1019 1279 1085 de
1293 1015 1332 1073 J

179 1124 328 1201 tempore
351 1138 392 1181 ae
413 1117 490 1181 loco
515 1117 626 1183 caedis
639 1119 824 1199 agitabant.
870 1118 915 1182 Et
938 1120 1095 1201 ‘cepisse
1108 1120 1284 1202 impetum'

179 1217 323 1283 Subrius
330 1218 653 1310 Flaviusferebatur,
665 1223 675 1253 ‘
687 1221 720 1283 in
729 1214 848 1285 scenak
864 1224 1034 1285 canentem
1047 1220 1209 1284 Neronem
1226 1241 1282 1305 ag-

179 1316 370 1404 grediendi;
393 1326 450 1385 ant
474 1320 558 1384 cum'
573 1320 729 1387 ardente}
750 1317 865 1393 domo¹
887 1342 947 1405 per
971 1328 1099 1385 noctem
1119 1322 1185 1387 huc
1200 1323 1281 1387 illuc

180 1530 263 1593 betur,
274 1545 341 1594 pum
355 1531 468 1593 sumbus,
487 1538 511 1582 st
521 1533 612 1595 longai
622 1532 797 1583 winimanne
808 1534 1000 1595 commendatum,
1015 1534 1141 1597 superabat
1154 1534 1285 1595 Tigellinus

177 1595 263 1656 mutia
274 1597 336 1658 apud
345 1596 484 1659 priempere,
499 1604 599 1661 propter
609 1599 782 1647 immanitatem
800 1603 824 1647 ct
833 1598 935 1661 flagitia
951 1598 1082 1660 libidinum,
1102 1599 1285 1663 exagitabatque

180 1659 310 1721 collegam
320 1660 506 1709 criminibusne
513 1662 648 1723 cabmniis,
658 1678 687 1710 aa
697 1677 759 1725 soepe
764 1661 920 1721 formidinem
929 1662 993 1711 illius
1003 1662 1200 1727 suspicionemque
1209 1680 1285 1714 umre-

180 1727 223 1771 ναΐ
234 1723 342 1787 Neroni,
352 1725 414 1772 uelut
426 1724 516 1773 amasii
534 1739 580 1773 seu
591 1727 749 1788 corruptoris
761 1724 924 1789 Agrippinae,
936 1732 972 1781 ¹et
983 1740 1068 1775 umore
1079 1727 1133 1789 ejus
1145 1728 1285 1778 vindicum

182 1786 323 1848 cupientis.
356 1787 449 1850 Reque,
466 1792 589 1851 Manain
599 1789 736 1850 conjuctis,
751 1788 891 1851 prefectum
908 1788 980 1837 dmm
993 1791 1103 1852 pretor&
1113 1790 1139 1837 in
1149 1791 1284 1841 amietutern

179 1850 281 1913 emine,
289 1851 394 1900 innotuit
405 1852 563 1914 axsreqseatt
573 1854 648 1915 ipsius
658 1854 786 1915 colaquia;
802 1858 853 1901 inm
863 1854 964 1901 alaniae
974 1854 1134 1902 consultabant
1144 1856 1173 1901 de
1181 1860 1285 1917 tempore
1358 1900 1361 1907 ,

182 1920 208 1963 et
219 1916 269 1963 laea
276 1914 521 1978 patraadisacinaris.
541 1917 574 1965 ut
581 1913 691 1966 dicebm'
698 1916 812 1965 Subrium
824 1917 937 1965 Flauium
952 1916 1028 1964 subita
1043 1918 1142 1979 modurn
1158 1917 1285 1967 instinctu

181 1978 320 2041 impulsum
330 1993 395 2040 esse,
406 1986 435 2028 ut
443 1980 467 2029 N
471 1994 576 2029 eronem
584 1980 611 2029 iu
621 1981 724 2030 theatro
733 1987 870 2029 canentem
878 1980 1032 2043 adoriretur,
1041 1987 1086 2029 aut
1094 1996 1151 2029 curn
1158 1979 1285 2045 flagrante

130 2040 142 2062 '·
173 2041 261 2092 doma
272 2049 441 2107 pernoctem,
460 2044 561 2109 bucqne
572 2052 600 2094 et
612 2042 674 2093 illn'c
686 2044 854 2109 discurreret,
872 2046 927 2093 sine
942 2044 1099 2095 custodibus.
1132 2044 1183 2095 llic
1197 2046 1288 2097 aaanna'

641 2182 821 2209 utronno»

181 2297 265 2348 libros
276 2299 374 2351 Sidonii
385 2300 553 2366 Apollinaris.
587 2299 743 2355 nannet
761 2304 870 2353 Frustra
878 2294 1180 2363 tentatMnretns,auren
1189 2266 1286 2355 adamat

183 2362 319 2427 Heinsius,
330 2372 446 2416 maante
457 2370 533 2417 danto.
566 2366 723 2428 Gronovius,
737 2370 1119 2430 cummudensrinopernaclem‚
1133 2369 1174 2429 i5c.
1207 2368 1284 2419 Idde

181 2427 291 2480 incensa
300 2429 375 2481 hmo
392 2431 587 2497 intelligendum
605 2433 703 2496 optime
714 2432 779 2483 vidit
790 2433 889 2483 illustr.
901 2432 1023 2481 Hostius.
1056 2431 1138 2480 Idem.

682 2575 789 2648 norm

215 2683 228 2716 ¹
246 2686 275 2735 ln
285 2686 365 2750 scena]
380 2687 493 2750 Tacitus,
503 2687 641 2738 occasione
652 2687 714 2738 data
787 2688 861 2753 Cum,
876 2703 978 2754 nempe,
996 2703 1047 2738 nna
1058 2703 1114 2739 cum
1127 2687 1203 2740 domo
1214 2703 1284 2740 cont·

181 2759 358 2823 describendi,
375 2778 450 2827 qnam
467 2765 575 2827 promto'
585 2764 670 2814 animo
686 2764 713 2812 in
753 2765 1284 2830 mentatiosprincipales,etpretiosissima

179 2837 209 2888 id
228 2839 327 2889 consilii
343 2838 457 2891 ferretur
473 2843 588 2904 Flavius,
605 2848 713 2892 revocat
753 2853 862 2904 quaeque
879 2839 983 2904 imperii
999 2847 1172 2902 monuments,
1190 2841 1292 2898 iustius.
1332 2874 1335 2879 -

178 2916 340 2984 repetitque,
357 2932 403 2981 per
414 2933 471 2969 eum
482 2919 652 2982 occasionem,
667 2919 713 2968 ali·
753 2922 893 2980 mentuque
905 2915 979 2978 regni
990 2915 1065 2964 einrul
1076 2915 1244 2978 absumenda,
1255 2920 1284 2965 et

180 2991 245 3056 qnid
254 2991 369 3055 priorum
378 3001 532 3058 temporum,
542 3009 636 3059 nempe
643 2994 713 3060 quod
754 2990 872 3054 peritura
889 2990 992 3047 rideret
1012 3006 1044 3039 eo
1063 3006 1141 3050 casui
1162 2991 1289 3055 quicquid

181 3073 259 3115 antea
269 3065 368 3116 dictum
379 3075 425 3116 aut
434 3066 534 3117 factum
543 3075 610 3118 erat.
754 3080 805 3126 ars,
816 3064 898 3127 labor,
908 3079 998 3128 opera,
1011 3073 1055 3114 stit
1067 3065 1194 3116 industria
1203 3066 1286 3116 honri-

185 3203 192 3210 ,
215 3142 298 3193 Quasi
313 3142 422 3205 diceret,
443 3143 500 3206 jum
516 3150 571 3191 tum
588 3141 725 3205 promtius.
754 3155 814 3189 num
825 3141 850 3189 in
863 3141 1020 3190 contrarium
1032 3142 1169 3191 niteretur.

180 3217 320 3281 agitabant
341 3219 478 3283 conjurati,
508 3219 611 3281 etjam
636 3224 715 3267 antea
786 3213 1106 3280 ¹Anaanaraantaanaa]
1116 3217 1159 3269 An
1169 3219 1284 3270 incendii

180 3295 270 3357 capim
285 3295 398 3358 impetum
417 3294 517 3343 Subrius
538 3295 636 3344 Flauinia
647 3294 718 3353 fere»,
753 3295 890 3362 tempore?
918 3295 978 3344 Non
993 3303 1095 3357 potest:
1122 3311 1179 3344 nam
1196 3297 1286 3360 conju·

181 3370 273 3430 batum
283 3371 315 3420 ”nt
327 3378 376 3434 est,
390 3371 526 3420 dicebatur
536 3369 637 3418 Flavius
647 3385 713 3437 nnus
753 3371 858 3420 rationis
868 3371 971 3430 initium
979 3371 1040 3431 fuit,
1047 3373 1134 3422 Nerva
1142 3381 1169 3422 et
1176 3373 1284 3422 Vestino

180 3446 365 3512 solitariaeque
384 3462 443 3495 enm
461 3446 584 3510 impetum
603 3445 714 3509 cepisse,
754 3448 910 3511 consulibus,
928 3447 971 3513 qui
984 3449 1164 3512 magistratum
1176 3456 1234 3515 post
1244 3449 1283 3500 in·

175 3522 233 3587 jum
243 3521 312 3571 iorta
322 3531 384 3572 ante
395 3524 495 3585 initam,
505 3537 609 3586 nempe,
616 3530 644 3572 et
653 3537 714 3572 con·
753 3523 872 3573 cendinm
883 3524 1006 3573 inierunt.

181 3594 274 3648 datam
292 3597 393 3648 Pisanis
409 3600 623 3662 conjurationem,
641 3601 715 3648 nimi-
786 3599 837 3662 Au,
854 3599 922 3658 quod
939 3598 972 3646 de
989 3599 1080 3649 Subrio
1092 3600 1181 3652 Flavio
1197 3599 1284 3666 narra·

183 3689 250 3737 rum,
261 3677 430 3740 aggrediendi
441 3677 644 3739 Neronennaut
655 3691 713 3725 cnm
755 3683 806 3736 tur,
823 3675 886 3725 nihil
904 3676 937 3726 ad
957 3684 1109 3743 praesentem
1127 3677 1289 3741 conjunctius

183 3758 292 3801 caneret
301 3752 327 3800 in
338 3755 638 3814 asanaaatasmardenta
648 3755 715 3801 ἀωιω
755 3765 814 3800 nem
826 3751 950 3813 pertinet,
964 3765 1021 3814 quae
1040 3745 1116 3814 paulo
1129 3757 1206 3800 antea
1215 3751 1284 3800 ince-

181 3824 358 3887 dimanaret,
374 3842 478 3892 nempe,
486 3836 544 3877 cum
555 3829 627 3877 Nero
637 3827 716 3888 rediit
755 3831 847 3890 perat;
874 3825 920 3874 sed
941 3826 1008 3888 quod
1029 3826 1139 3888 ipsemet
1155 3826 1215 3874 olim
1236 3838 1284 3874 sua

183 3889 276 3964 datia,
294 3907 325 3952 nt
335 3903 483 3952 incendium
493 3901 592 3952 'domus
607 3903 663 3966 ipse
674 3913 715 3950 re·
756 3909 859 3966 sponte,
869 3903 910 3951 rel
920 3902 1008 3964 paucis
1020 3902 1138 3962 consciis,
1149 3899 1291 3949 consilinm.
1396 3901 1400 3910 ¹

183 3979 341 4043 stingueret,
359 3994 420 4029 cnm
431 3978 569 4042 noctn,.ad
587 3978 651 4028 illud
670 3992 714 4026 ex·
756 3978 789 4027 de
801 3977 943 4028 occidenda
956 3977 1060 4026 Neroua
1076 3973 1223 4040 agitaverit,
1238 3981 1291 4024 ant-

183 4053 363 4118 tiuguendum,
377 4056 479 4120 hucque
487 4061 516 4106 et
528 4056 587 4105 illuc
597 4060 717 4105 cumurct
755 4069 813 4107 cnm
824 4054 852 4104 iu
863 4069 940 4104 scens
955 4058 1071 4115 caneret,
1085 4059 1131 4101 aut
1142 4050 1203 4098 dum
1214 4047 1285 4105 illins

183 4141 275 4197 parum
286 4129 441 4194 custoditus,
447 4137 478 4180 ut
485 4131 512 4180 in
521 4137 594 4184 tanta
601 4136 715 4186 conster-
754 4129 844 4191 domus
854 4130 976 4180 arderet?

168 4201 549 4273 'redonabominumetrarnm
556 4205 715 4269 conminus.
787 4205 849 4256 Nor
865 4203 1036 4264 credideritne
1053 4215 1112 4258 nam
1129 4197 1212 4252 verbe
1225 4199 1283 4276 bac

1331 564 1363 647 [l
1420 602 1443 629 ω
1454 582 1473 612 ,t
