2984 4850
142 391 276 456 ausu]
332 441 336 448 ,
465 399 467 402 -
493 369 707 428 'auuauruu
733 369 808 419 nra.
830 365 909 416 xrr.
1159 339 1247 406 lons

144 527 311 598 convivali
321 528 432 601 lecto:
443 527 479 586 et
488 519 641 604 exequiis
654 515 795 582 vilibus:
805 529 929 608 =raraque,
939 507 1020 572 dnm
1032 503 1125 570 Nero
1137 517 1247 566 rernm

144 629 358 718 potiebatur,⁸
379 627 539 706 congesta
559 624 617 685 aut
638 618 757 681 clausa
786 612 952 676 humw'
987 603 1075 671 Mox
1090 597 1249 667 domesti-

145 813 246 877 ertipss
260 809 417 862 maudein
427 813 632 870 tuaquom
642 781 1248 860 mamilianaettrearlntitt'oculgeriqusumr

145 893 225 942 neque,
251 877 310 926 dum
328 873 487 938 principatum
508 869 610 918 mult
629 866 704 928 Nero,
727 864 822 924 morto
842 860 935 921 m,
950 859 994 905 ortt
1014 853 1170 914 eampo
1184 843 1247 907 seit.

607 1005 786 1030 ‘ceunomo

147 1116 224 1170 editio
233 1115 361 1182 princeps
368 1119 396 1164 et
405 1110 573 1163 recentiorer.
593 1108 625 1159 In
636 1107 700 1158 Mer.
710 1105 788 1156 Harl·
800 1100 876 1156 nou.
884 1097 941 1152 Jee.
951 1103 980 1147 et
989 1093 1161 1151 Puteolanus,
1171 1087 1251 1140 lm.

650 1234 759 1290 NOTAE

148 1365 253 1410 matrem
264 1355 381 1408 habere?
402 1353 550 1406 Vertruaius.
721 1346 804 1397 Modo
821 1340 924 1394 luxurie
943 1351 997 1387 non
1020 1332 1109 1383 fueret
1128 1331 1253 1379 contente

169 1431 307 1490 ‚Boethius
317 1435 364 1482 lib.
376 1435 499 1482 11.car.d.
510 1431 517 1458 ‘
527 1429 622 1478 Fratre
636 1423 681 1490 qui
718 1424 790 1486 liguo
803 1438 810 1469 ι
821 1422 878 1484 jam
889 1417 989 1480 lignum
999 1409 1051 1460 erni
1068 1404 1197 1456 testudine
1215 1400 1254 1451 fa·

149 1511 276 1578 quondam
286 1509 359 1559 ferus
370 1510 520 1568 interemto,
536 1503 631 1554 Matris
643 1499 681 1550 ef·
720 1495 781 1548 cit:’
797 1494 866 1560 quod
875 1500 905 1542 et
915 1491 949 1540 de
965 1485 1062 1538 ceteris
1072 1481 1149 1532 lectis
1160 1477 1255 1529 intelli·

150 1584 205 1636 fuso
219 1585 325 1635 maduit
340 1598 449 1633 eruore:
466 1583 569 1644 Corpus
578 1586 608 1629 et
624 1578 682 1628 visu
722 1573 845 1639 gendum.

148 1661 259 1724 aidum
280 1673 421 1723 pererrans
449 1657 505 1708 Ora
524 1669 577 1705 non
604 1652 683 1702 tinxit
759 1647 933 1712 ‘Nequaquam
944 1642 1011 1692 Nm
1020 1651 1102 1689 recen
1110 1627 1257 1698 potiebatur]

151 1737 277 1802 lacrymis,
298 1736 344 1785 sed
365 1749 423 1785 esse
442 1735 541 1784 censor
560 1729 684 1780 exstincti
722 1726 784 1777 Non
804 1729 931 1787 congesta
947 1733 997 1769 nce
1012 1717 1100 1766 claues
1113 1713 1191 1760 burno
1209 1705 1258 1756 fo·

152 1815 234 1878 potuit
246 1810 370 1862 decoris!
723 1797 974 1863 rniuqdouecNero
983 1789 1119 1855 regnarit:
1141 1789 1203 1848 port
1214 1781 1259 1830 do·

181 1888 335 1938 'Cuniculi
356 1884 425 1949 lecto]
444 1886 504 1935 Nou
525 1881 640 1944 funebri,
657 1867 686 1930 εἴ
724 1876 890 1926 meoticornrn
900 1883 964 1920 cure
977 1867 1028 1916 leri
1042 1861 1142 1914 tumulo
1152 1864 1259 1909 contec-

152 1964 382 2028 legitimeparato.
401 1961 505 2024 Lipsius.
726 1959 763 2003 ta.
786 1949 918 2000 Formo.

146 2093 150 2100 ,
185 2036 400 2099 eructuantem]
420 2035 686 2086 Ubicoenensaecu·
759 2033 772 2060 ¹
789 2005 1260 2086 emmamuautmiffldffl

154 2115 240 2164 babat.
264 2115 402 2164 Furores.
436 2110 565 2172 Nonipse
575 2113 686 2167 notura,
726 2101 851 2153 madore
875 2094 956 2162 gessit
977 2092 1050 2144 Nero
1072 2100 1134 2151 erga
1154 2089 1261 2149 patrem

155 2191 198 2240 sed
208 2197 237 2239 et
246 2189 320 2239 alii..
613 2213 617 2222 ·
727 2177 874 2238 Claudium,
901 2176 970 2221 tecte
996 2168 1104 2217 Sueton.
1130 2161 1198 2211 Ner.
1217 2161 1260 2210 ⁸⁸·

185 2267 243 2314 Mos
255 2264 344 2315 fuitin
355 2263 522 2328 exequiarum
533 2259 687 2310 celebritate
726 2255 859 2303 ‘Busturu
875 2248 931 2312 ejus
952 2239 1092 2304 conreplri,
1107 2234 1157 2286 nisi
1172 2230 1263 2282 bamili

155 2341 311 2407 funebrique
329 2355 433 2410 pourpa,
451 2343 511 2401 post
527 2335 597 2385 faces
608 2333 689 2384 collu-
725 2329 829 2393 levique
844 2321 962 2383 materia,
979 2311 1113 2379 neglexit!
1153 2309 1262 2360 Cineres

157 2423 251 2480 centes,
262 2417 292 2466 in
312 2413 427 2477 lectulis,
444 2427 508 2479 quos
518 2409 633 2471 saneim
645 2422 689 2457 ex·
727 2405 875 2472 principum
885 2394 1034 2449 inferebant
1044 2387 1188 2447 Mausoleo,
1197 2389 1264 2435 etta·

154 2500 267 2545 structos
287 2490 389 2541 funeris
402 2503 488 2552 carrea,
504 2486 638 2548 dicebant,
650 2482 691 2533 fu·
728 2496 789 2531 men
809 2481 882 2527 locus
903 2475 931 2523 in
953 2485 1004 2537 quo
1023 2463 1133 2516 cremati
1149 2455 1264 2522 fn'ernut,

157 2582 237 2618 mosas
254 2568 384 2631 majorum
403 2565 536 2627 imagines,
547 2560 691 2626 ipsiusque,
730 2573 780 2622 pro
801 2554 922 2617 religioso
939 2545 1093 2597 habebatur.
1125 2539 1163 2598 Et
1181 2537 1265 2596 locus,

159 2644 198 2695 'eni
214 2645 393 2703 funeraretur,
410 2658 424 2691 e
445 2652 507 2692 cera
523 2638 638 2689 effictum
661 2636 692 2685 si·
731 2635 758 2683 in
771 2647 822 2697 quo
831 2632 962 2678 crematus
973 2611 1264 2684 Augustudunum

159 2722 302 2773 mulacrum
324 2718 447 2773 anteferri
468 2714 600 2775 cadaveri,
622 2712 692 2777 quod
732 2724 749 2759 a
762 2705 907 2757 Mausoleo.

159 2798 185 2847 iu
206 2801 278 2848 lecto
297 2803 381 2847 atrato
395 2808 454 2844 curu
470 2791 557 2841 liuteis
580 2790 692 2855 positum
731 2788 737 2794 ”
774 2777 939 2832 claudebant
966 2777 1072 2821 veteres
1096 2765 1266 2815 monumenta

160 2873 327 2939 sequebatur.
505 2886 509 2895 ⁴
731 2872 787 2920 sua,
798 2854 930 2905 tenuiores
947 2847 1062 2915 quidem,
1084 2839 1208 2896 macerie,
1220 2838 1281 2891 aut,

190 2950 227 3001 Ar
242 2948 402 3015 Agrippina,
413 2961 444 2996 eo
462 2946 520 3010 ipso
532 2943 629 2993 lectolo
647 2941 691 2991 de·
730 2935 820 2998 alique
830 2930 882 2980 levi
893 2924 1017 3001 materia3
1032 2916 1196 2968 honestiores
1205 2910 1268 2960 lori·

160 3030 213 3084 lota
222 3035 274 3090 est,
287 3042 339 3093 quo
350 3026 437 3076 cibum
454 3029 571 3073 sumtum
585 3018 693 3070 accuba-
734 3026 766 3059 ca
776 3024 791 3058 e
802 3004 933 3068 silice,vel
945 3015 1018 3061 suo,
1028 3002 1074 3045 aut
1084 3002 1221 3041 marmore.
1232 2986 1269 3035 Et

153 3107 214 3165 ¹frat.
229 3104 381 3157 Vertroaius.
727 3086 792 3153 'ipse
814 3084 887 3135 Nero
903 3077 1051 3133 moriturus,
1069 3066 1139 3132 apud
1160 3065 1269 3114 Sueton.

194 3183 320 3234 Coacioola'
342 3181 414 3243 lecto]
435 3178 468 3227 Iu
489 3177 528 3225 bis
545 3175 629 3237 lectis,
639 3178 694 3223 tum
734 3169 777 3215 49.
788 3165 796 3191 ‘
808 3158 933 3211 Scrobem
949 3164 1035 3204 corum
1046 3145 1104 3197 fieri
1121 3137 1270 3205 imperavit,

161 3259 273 3309 maxima
284 3255 412 3315 luxuries,
423 3259 492 3303 teste
503 3252 573 3301 Plin.
584 3264 642 3299 xvi.
652 3254 694 3299 43.
736 3240 868 3289 dimensus
884 3232 916 3282 ad
932 3225 1047 3292 corporis
1062 3223 1101 3272 ani
1117 3218 1251 3269 modulum
1259 3230 1269 3282 Ιι

155 3322 344 3397 '‘Excogitatae
362 3336 423 3381 suut
440 3336 467 3378 et
491 3328 555 3390 ligni
573 3327 697 3389 bractea,
738 3312 911 3377 componique
922 3304 1007 3365 simul,
1018 3302 1040 3351 si
1058 3315 1109 3365 qua
1127 3293 1272 3347 inveniren-

164 3426 209 3461 uec
229 3410 316 3460 nafis:
342 3421 447 3470 coepere
465 3404 531 3467 tingi
550 3402 699 3453 animalium
739 3399 784 3444 tur
794 3390 880 3440 frusta
890 3379 1039 3442 marmoris,'
1050 3382 1099 3427 &n

165 3502 269 3546 cornua,
299 3486 391 3534 dentes
419 3482 519 3541 secari;
550 3480 699 3542 lignumque
771 3466 845 3517 Infra
853 3457 1032 3515 tit‘Nerouis
1044 3451 1166 3516 reliquias
1174 3449 1272 3513 Ecloge

165 3560 242 3613 ebore
266 3559 401 3623 distingui,
417 3573 478 3607 mox
500 3556 606 3619 operiri.
640 3555 701 3603 Pla.
741 3551 770 3593 et
788 3537 966 3593 Alexandrina
987 3531 1102 3581 nutrices
1123 3541 1182 3576 cum
1204 3522 1274 3573 Acte

166 3641 221 3690 uuit
240 3638 336 3689 deinde
364 3636 498 3686 materiem
525 3639 553 3682 ot
581 3632 608 3681 iu
634 3631 700 3680 mari
742 3608 993 3677 concubina,gentili
1003 3604 1176 3655 Domitiorum
1187 3613 1275 3649 mono-

167 3717 255 3781 qrraeri.
289 3713 406 3763 'l'estudo
416 3714 440 3760 in
452 3713 500 3759 hoc
511 3714 596 3757 uecta:
608 3720 701 3769 nauper-
741 3700 830 3744 mento
842 3687 1025 3745 condiderunt,
1035 3679 1105 3744 quod
1117 3675 1275 3742 prospicitur

159 3807 216 3857 ,que
245 3790 406 3857 portentosis
421 3786 533 3851 ingeniis
552 3784 701 3849 principatu
736 3788 757 3847 ιο
769 3781 863 3832 campo
874 3763 972 3814 Martio
980 3757 1128 3821 impositum
1141 3753 1207 3803 colle
1219 3751 1276 3799 bor-

168 3867 434 3924 Neronisinventunr,
447 3868 475 3911 ut
492 3860 632 3924 pigmentis
645 3871 702 3920 per·
743 3854 838 3897 torum.
879 3841 912 3890 In
937 3853 968 3887 eo
991 3840 1159 3884 monumento
1183 3828 1278 3877 aolium

169 3943 245 3995 deret
267 3956 305 4003 se,
324 3940 456 4003 plurisque
474 3935 583 3996 veniret,
602 3933 703 3981 imitata
743 3915 927 3983 Porphyretici
953 3909 1088 3961 marmoris
1117 3901 1278 3969 superaurati

170 4018 276 4081 liguum.
308 4016 353 4065 Sic
362 4014 438 4063 lectis
447 4012 532 4076 pretia
540 4014 700 4074 queruntur:
741 3995 858 4074 'Lunensi
870 4006 916 4043 ara
925 3990 1127 4050 circumceptum
1138 3989 1179 4031 est
1188 3980 1278 4044 lapide

162 4094 208 4163 ‚sic
225 4092 400 4143 terebinthum
416 4089 483 4143 vinci
497 4086 606 4151 jubent,
622 4084 659 4132 sic
670 4082 704 4131 ci·
740 4072 858 4141 ,inustor
1096 4090 1100 4097 ·

173 4178 240 4220 trum
251 4168 390 4235 pretiosius
407 4164 521 4230 ficri,sic
537 4173 597 4211 acer
608 4157 704 4222 decipi.
751 4148 755 4155 ’
777 4150 811 4200 lu
825 4146 905 4197 etiam
923 4140 1079 4208 permiserat
1087 4132 1175 4183 Icelus
1184 4130 1277 4182 Galbae
