2984 4850
145 325 172 377 J.
184 326 215 395 c,
228 323 290 388 oui
502 316 712 380 usnemun
738 318 923 371 nin.11o.
1166 305 1253 371 1733

146 483 212 550 quc
232 463 380 546 speciem
402 461 437 526 iu
460 463 634 528 metuerio1¹
662 461 851 529 ramessen
880 464 1049 530 subversos
1077 465 1251 546 colonien

144 645 218 694 eversi
226 642 310 708 oppidi
318 641 345 690 iu
360 641 471 690 cestuurio
486 642 608 702 Tamna,-
624 643 715 704 etjam
726 659 790 693 mure
800 645 931 708 nominee
939 647 1015 696 colore
1019 662 1029 705 ;
1044 646 1181 698 abscedente
1191 654 1251 698 netu

143 887 213 936 rior.
224 887 359 950 corrupte
370 887 397 938 in
408 886 473 937 mss.
486 887 569 936 ‘nnn
589 888 664 940 nour.
683 891 738 944 res.
754 886 823 954 ‘neg
838 868 871 940 ‘et
888 890 1043 941 sortiantur
1060 891 1204 952 veteribus,
1223 893 1250 941 s·
1300 922 1303 926 -

144 951 257 1000 actuoriu
277 957 358 1000 notum
376 965 424 1000 esse
445 950 560 1000 sulcem
579 954 684 1017 colonico,
701 955 742 1006 ¹vel
763 955 797 1039 in!
809 960 960 1005 estumootom
979 970 1017 1004 ese
1038 955 1080 1004 sul
1091 957 1247 1006 cereolonioe.

641 1085 749 1136 NOTAE

91 1236 96 1240 .
175 1186 186 1215 ¹¹
223 1177 351 1242 Virumque
376 1179 477 1242 speciem
502 1179 528 1228 in
555 1181 677 1246 censorio]
717 1183 857 1231 Britannos
884 1182 961 1232 hodie
988 1197 1092 1248 quoque
1117 1183 1247 1246 inclytus:

143 1255 227 1306 Quum
248 1253 381 1316 speciem?
409 1255 508 1320 aliquid
530 1257 612 1319 deest,
631 1266 677 1307 aut
716 1264 795 1322 atquc
807 1259 840 1308 ab
859 1259 915 1322 ejus
926 1273 972 1307 ore
989 1259 1043 1308 sive
1056 1258 1246 1319 aestusrio,non

142 1331 223 1380 lutet:
252 1331 278 1378 in
302 1331 385 1381 Dione
404 1331 453 1382 lsoc
471 1332 570 1392 editur;
588 1332 675 1382 statim
715 1335 1005 1397 longssberutcolonlu
1013 1335 1226 1386 Camulodunum.

142 1409 256 1472 postilla
269 1407 353 1455 dictu:
366 1409 373 1435 ‘
385 1409 483 1458 Domus
493 1411 572 1460 etlam
582 1411 675 1474 uliquae
749 1411 832 1460 Recte
851 1426 915 1474 ergo
932 1412 979 1474 ait,
1000 1413 1080 1461 risum
1098 1411 1177 1461 fuisse
1191 1427 1248 1475 spe·

140 1485 168 1532 in
189 1483 298 1532 Tsmesi
320 1484 367 1532 sub
394 1485 466 1548 cquis
494 1491 568 1536 erunt
596 1486 675 1536 visum
716 1485 782 1534 ciem
794 1487 926 1536 subverse
946 1488 1065 1547 colonie,
1076 1487 1149 1552 quusi
1160 1487 1247 1552 prodi·

140 1561 212 1622 Ergo
232 1557 354 1619 legebam
372 1558 398 1606 in
417 1559 522 1609 Tacito:
553 1561 676 1624 Virumque
716 1564 785 1625 glum
797 1563 990 1614 subvertendae.
1022 1564 1137 1612 Plciero.
1184 1597 1188 1607 -

139 1637 228 1684 oedisuu
237 1636 345 1696 speciem.
379 1635 431 1684 Sed
443 1636 572 1686 enimvero
586 1638 676 1700 Piche-
748 1637 872 1687 Srrboersoe
890 1637 999 1700 colonie]
1026 1637 1137 1688 Verrunt
1153 1637 1248 1689 miver-

139 1727 176 1762 ns
193 1713 219 1762 in
232 1713 382 1761 Florentino
399 1727 456 1762 esse
471 1715 577 1764 usserit:
595 1715 621 1763 irc
632 1729 675 1764 cs·
714 1728 795 1762 mmm
812 1717 941 1763 meorum.
967 1714 1057 1764 Nimia
1072 1715 1248 1778 simplicitate,

138 1787 220 1836 ἱκανὼ
231 1787 337 1836 Toruesoe
347 1786 463 1836 mioersoe
473 1791 576 1838 colonie.
714 1795 744 1839 ut
754 1796 833 1851 pnlo;
851 1805 910 1844 nam
922 1791 977 1854 quis
989 1798 1019 1840 ut
1029 1796 1161 1839 ostentum
1172 1791 1248 1840 mire·

172 1864 269 1926 ltaque
281 1865 342 1912 nilril
355 1865 449 1924 verius,
459 1879 533 1928 quum
543 1863 610 1928 quoti
621 1879 675 1912 sen·
715 1871 769 1925 tur,
782 1864 918 1913 subversus
938 1865 1022 1913 videri
1040 1863 1138 1922 domos,
1149 1879 1208 1913 cnm
1219 1865 1247 1913 in

139 1940 182 2000 tit,
206 1939 503 1990 cammerinorum.
545 1940 674 1990 Nimirum
714 1953 805 2002 equum
825 1940 998 2002 inspiciuntur
1009 1940 1079 1989 aedes
1099 1940 1169 1988 litori
1184 1939 1246 1988 inee-
1275 1937 1279 1942 ’

137 2015 240 2078 species
252 2015 381 2064 subversae
392 2017 510 2076 colonico,
522 2031 579 2079 quae
593 2030 673 2080 cppe-
713 2013 843 2070 dificatae?
867 2015 913 2064 sed
933 2015 1025 2064 mirum
1044 2013 1097 2063 fuit
1116 2014 1199 2064 videri
1219 2015 1247 2064 in

138 2099 237 2152 rueret,
258 2091 357 2152 signum
378 2098 435 2140 erut
456 2091 619 2140 evertendae:
645 2099 673 2140 et
713 2091 786 2154 aqnis
797 2092 910 2154 speciem
921 2107 967 2141 seu
983 2092 1119 2156 imaginem
1131 2091 1247 2144 civitatis

137 2166 178 2216 lrae
189 2172 252 2216 sunt
270 2166 325 2216 iste
348 2167 439 2215 Dionis
458 2166 537 2228 sedes,
553 2166 600 2216 sed
611 2167 671 2215 sub·
710 2166 765 2214 solo
778 2173 896 2230 aequutae.

138 2258 231 2302 rerem,
243 2243 347 2305 dirutae,
358 2242 478 2292 incensae.
511 2243 617 2306 [lipsius.
746 2243 825 2291 Certe
840 2243 893 2292 Dio
910 2243 991 2292 liubet
1009 2242 1078 2292 olrici
1095 2242 1125 2292 τέ
1138 2261 1200 2294 τινες
1220 2245 1246 2292 ἐν

167 2317 290 2381 Speciem]
307 2317 546 2366 Vertuntumbrcm:
573 2329 671 2382 posset·
711 2321 745 2380 τῷ
763 2318 859 2384 'rspice
883 2323 981 2381 ποταμῷ
1008 2319 1101 2384 ἔφυδροι
1125 2322 1245 2384 lupino:

137 2409 188 2461 que
201 2394 314 2445 dubitari
335 2409 395 2443 num
413 2402 484 2444 esset
504 2394 587 2459 imago
605 2399 671 2448 colo·
714 2397 829 2452 Quaedom
855 2397 935 2446 domus
956 2396 1097 2445 videbuntur
1119 2398 1146 2445 in
1165 2397 1245 2461 fluvio

136 2475 201 2525 niae:
227 2474 371 2535 utspecics
388 2473 432 2521 illu
448 2472 564 2523 Africum
585 2476 672 2525 udum.
700 2474 812 2522 domem
831 2473 873 2521 sui
891 2474 975 2537 opum
992 2469 1247 2537 quosidicereksuh·

136 2550 226 2613 bruns,
253 2566 311 2613 quae
339 2550 459 2613 uppuruit
484 2549 574 2599 Curtio
603 2550 671 2601 Rufo
711 2563 795 2597 mersoe
814 2549 890 2611 aqum.
924 2552 984 2598 Non
1009 2548 1075 2598 dicit
1096 2547 1245 2597 subversus.

136 2626 209 2689 apud
228 2624 410 2685 Adrumetum,
428 2630 473 2673 ant
491 2626 563 2675 velut
574 2627 673 2688 species
713 2624 749 2673 Et
760 2622 828 2673 forte
840 2624 868 2672 id
881 2624 962 2673 visum
981 2623 1116 2686 proculab
1128 2622 1245 2678 edificiis

135 2702 178 2753 ills
196 2702 310 2751 humana
327 2702 421 2765 major,
432 2692 490 2765 duee
510 2701 565 2749 visu
576 2704 673 2767 Druso,
711 2698 802 2747 littore
813 2698 1030 2761 superstantibus.

136 2778 212 2843 quasi
237 2772 383 2825 Germanice
406 2781 475 2824 esset
497 2776 602 2838 phusma
627 2792 672 2826 scu
744 2773 861 2837 Speciem]
886 2774 1008 2838 Explicat
1029 2773 1097 2824 Clur.
1116 2772 1245 2835 Harlmus,

135 2856 234 2917 imago,
257 2868 315 2918 quae
332 2852 472 2915 ¹prohibuit
500 2854 608 2902 ulterius
633 2855 679 2905 ire
712 2851 785 2913 quasi
821 2851 903 2899 visum
930 2850 1059 2913 quoddam
1084 2850 1191 2912 phasma
1218 2850 1244 2897 in

135 2934 271 2991 Drusum3
289 2938 317 2980 et
335 2931 358 2979 ei
370 2929 446 2979 finem
463 2930 524 2979 vitae
545 2930 670 2979 viotoriae.
712 2924 832 2973 mstnnrio
842 2924 993 2987 esset‚lpuod
1003 2923 1103 2973 cladem
1111 2924 1245 2972 imminen-

135 3022 185 3070 que
209 3006 406 3055 demonstravit.
445 3004 496 3053 Sed
513 3020 570 3054 cum
590 2990 670 3056 hocce
711 3000 884 3049 iemcoloniae
897 2999 1058 3061 praewgirel·
1139 3052 1143 3058 ,

135 3083 245 3145 phustne
267 3082 301 3131 sit
321 3082 548 3129 minersoecolonioe
568 3082 670 3131 simula·
743 3076 867 3125 Suloersoe
881 3074 993 3138 columae]
1010 3076 1087 3123 Forte
1105 3073 1257 3125 sulmereoet'

135 3172 220 3218 crum,
231 3156 305 3217 forte
317 3157 385 3205 uliud
397 3150 572 3221 cogitandum.
712 3158 827 3212 vertunt,
837 3149 1000 3199 monstrorum
1014 3151 1142 3212 donorum,
1153 3149 1179 3197 in
1191 3164 1243 3214 quo

165 3240 178 3266 ⁰
190 3232 307 3294 Tomesoe]
323 3233 449 3292 Tamesis,
460 3231 554 3280 fluvius
567 3233 670 3281 Britan.
709 3210 778 3276 fo'rte
796 3226 857 3275 nilril
877 3226 978 3286 mirum,
998 3241 1056 3275 cnm
1077 3225 1115 3275 sic
1131 3226 1157 3273 in
1168 3226 1244 3291 aquis

135 3308 186 3357 niae
211 3308 301 3370 primm¹
323 3314 351 3356 et
377 3307 475 3356 Flaviae
506 3308 670 3359 Caesariensis
710 3302 904 3366 perspiciuntur
915 3301 984 3350 aedes
995 3302 1028 3349 ud
1040 3301 1114 3351 littus
1127 3302 1197 3365 sitae3
1215 3310 1244 3352 et

134 3383 339 3447 provinciarum,
360 3382 479 3431 Albionis
503 3383 596 3431 insulse
624 3398 669 3436 seu
710 3377 1174 3441 pssi⁰,praeci⁸e,³iiudestwbvmoe
1184 3380 1243 3428 colo·

134 3459 281 3509 Britannice
293 3458 417 3521 Maioris3
428 3458 454 3506 in
465 3457 597 3508 Oceanum
607 3460 668 3509 Gal·
709 3453 766 3513 πίω,
777 3453 847 3501 aliud
858 3452 973 3501 tubvmae
980 3455 1070 3503 munus.

134 3533 214 3582 licrrm
231 3532 342 3583 labitur:
361 3532 436 3580 lrodie
449 3534 548 3581 llomcs
567 3532 668 3597 Anglis,
743 3529 795 3579 Hic
806 3530 890 3592 imago
903 3527 952 3577 fuit
971 3529 1078 3577 coloniue
1098 3528 1203 3579 affiictae
1215 3536 1243 3579 et

135 3616 163 3657 et
181 3608 277 3657 Temese
298 3608 412 3668 Francis,
431 3607 457 3656 in
475 3623 555 3673 regno
569 3610 668 3673 Angliae
710 3608 814 3671 penitus
831 3606 947 3667 subrut‘ee
959 3620 989 3655 uc
1007 3607 1061 3654 solo
1080 3607 1242 3670 ndaeqrrotue:

134 3699 226 3734 uersus
237 3683 380 3739 meridiem.
416 3684 575 3734 lillcmonius.
710 3685 780 3749 quod
791 3684 865 3745 longe
877 3682 965 3731 differt
984 3682 1017 3731 ub
1029 3683 1139 3745 imagine
1149 3684 1242 3732 subcer-

165 3766 179 3800 1‘
197 3761 289 3809 Notum
300 3774 348 3809 esse
357 3760 473 3809 sulcem
483 3760 590 3823 colonioe]
607 3761 669 3810 Cor·
709 3774 788 3808 sorum
798 3762 927 3822 domomum,
942 3758 1000 3823 qur'e
1012 3759 1165 3808 intuentium
1182 3774 1241 3809 ocu-

135 3838 204 3898 rexi,
219 3837 451 3899 Vndmgseepeciem
465 3836 492 3885 itt
502 3839 612 3887 edituris
624 3838 669 3887 To·
709 3836 749 3885 los
760 3837 786 3883 in
797 3838 869 3899 aquis
881 3834 993 3884 deludit.

134 3926 210 3961 mem
223 3912 342 3961 subterere
359 3909 465 3961 coloniae.
507 3912 601 3961 Facem
622 3915 669 3962 mi·
744 3913 801 3961 Nec
814 3911 979 3961 tribuendum
998 3911 1072 3959 nimis
1090 3908 1241 3958 uuoloritnti

133 3988 159 4035 lri
189 3988 223 4037 ud
248 3987 436 4037 correctionem
462 3989 527 4036 lrunc
551 3989 669 4051 praetulit
710 3988 871 4051 Dionis,qui
888 4003 958 4051 saepe
976 4000 1019 4036 sus
1035 3988 1118 4049 deque
1134 3985 1242 4032 invertit

133 4063 205 4111 l'lor.
217 4062 261 4125 qui
272 4062 362 4122 habet,
372 4062 397 4111 in
407 4064 517 4113 memmio
529 4064 640 4113 Tomesoe.
695 4064 836 4126 .'l¹ecitum,
846 4062 921 4126 cnjus
938 4077 989 4111 non
1000 4062 1062 4109 sotis
1076 4073 1178 4107 sensnm
1198 4074 1240 4107 ca-

167 4138 334 4189 Notusenim
346 4138 463 4189 Tamesis
482 4137 584 4203 fluvius,
599 4137 668 4205 apud
708 4140 757 4204 plt.
790 4138 920 4203 Quicquid
939 4138 982 4202 sit,
999 4136 1169 4204 nubemusex
1187 4134 1239 4183 Tc·
