2984 4850
140 402 280 465 som]
503 341 709 446 iuuentuti
734 398 808 448 urs.
830 398 896 447 xv.
1157 384 1250 451 1995-

140 538 178 601 di
200 539 362 621 peritior,⁷
384 540 448 603 ‘de
461 538 601 604 Pisone’
624 539 768 621 primum
792 537 924 605 fatetur.
969 534 1101 603 Deinde
1125 539 1243 623 adjicit

141 642 152 671 ‘
169 637 334 705 museum
349 640 532 718 Senecam,'
555 641 627 703 sive
641 640 858 705 internuntius
878 634 961 703 inter
980 658 1055 701 enm
1070 639 1244 705 Pisonem·

140 760 208 823 qne
232 741 322 819 fuit,⁸
345 744 418 805 sive
441 748 478 805 nt
504 740 648 804 Neronis
675 742 814 822 gratiam
839 745 979 823 pararet,
1008 739 1066 821 qui
1096 740 1244 805 infensus

140 840 291 918 Senecae,
319 862 433 906 omnes
462 842 506 905 ad
529 860 604 903 enm
629 841 883 924 opprimendum
906 846 993 905 artes
1017 841 1242 922 conquirebat.

138 940 241 1019 Τιιιη,
265 945 394 1025 cognito
416 943 550 1006 Natalis
565 942 701 1019 indicio,
725 944 889 1007 Scevinus
913 961 1055 1024 quoqne,
1081 942 1155 1023 pari
1179 942 1242 1005 im·

138 1041 342 1131 becillitate,
360 1063 404 1107 an
433 1050 575 1107 cuncta⁹
596 1044 668 1126 jam
688 1043 857 1125 patefacta
880 1042 1019 1105 credens
1045 1060 1111 1133 nee
1136 1040 1242 1107 ullam
1314 1118 1323 1133 Ι

60 1168 64 1173 ’
138 1141 264 1206 silentii
286 1136 553 1220 emolumentum,
578 1145 684 1208 edidit
705 1150 850 1209 ceteros:
873 1163 917 1207 ex
941 1144 1062 1226 quibus
1087 1141 1242 1206 Lucanus

140 1239 408 1326 Quintianusque
437 1251 471 1308 et
495 1244 637 1307 Senecio
662 1244 720 1307 diu
750 1246 905 1307 abnuere.
960 1245 1054 1321 Post,
1076 1243 1245 1325 promissa

137 1342 334 1424 impunitate
357 1347 514 1428 corrupti,
536 1365 603 1429 quo
632 1346 819 1411 tarditatem
844 1350 1055 1421 excusarent,
1083 1343 1243 1407 Lucanus

140 1441 338 1508 ‘Aenamw
363 1452 499 1509 matrem
525 1447 641 1523 suam,'
665 1446 864 1525 Quintianus
888 1446 1054 1510 ‘Glitium
1085 1442 1243 1521 Gallum,’
1341 1531 1344 1535 ¹

138 1542 282 1608 Senecio
304 1544 472 1609 ‘Annium
495 1546 704 1623 Pollionem‚’
725 1528 910 1611 amicorum
936 1548 1152 1630 praecipuos,y
1182 1564 1242 1608 no-

137 1646 318 1708 minavere.

182 1747 235 1809 57.
258 1744 370 1829 Atque
385 1747 516 1812 interim
531 1746 622 1812 Nero
642 1748 846 1825 recordatae,
873 1748 1007 1811 Volusii
1032 1748 1169 1813 Proculi
1193 1749 1242 1811 in-

136 1953 245 2006 noeerat,
255 1949 325 1999 enat
332 1951 487 2001 maerendo
497 1966 538 2001 reo
548 1952 626 2014 nogia
633 1952 737 2012 Manem,
748 1954 851 2015 manum
861 1953 987 2017 confitetur
997 1953 1030 2001 de
1041 1953 1146 2002 Pisone.
1180 1953 1243 2002 Moe

137 2012 251 2073 adiungit
262 2014 387 2063 Annaeum
399 2016 534 2077 Senecam,
550 2018 600 2065 sine
612 2031 657 2079 per
673 2018 740 2064 ittam
750 2032 865 2065 mounes
875 2018 1033 2065 commeabant
1050 2017 1201 2079 interipsum
1218 2022 1242 2064 et

136 2076 259 2138 Pisonen,
268 2078 326 2139 aee,
340 2084 368 2127 ut
381 2079 484 2127 Neronia
489 2079 599 2139 saonem
609 2082 654 2129 siti
665 2082 800 2129 amdam
821 2082 862 2143 qui
872 2080 973 2139 infestus
983 2080 1085 2141 Senecae,
1101 2081 1164 2129 omni
1174 2082 1242 2127 mado

134 2145 271 2201 pervertere
284 2142 352 2190 ssiam
363 2143 477 2205 cupiebat
513 2145 574 2192 Tum
585 2143 699 2193 Serninus
713 2115 831 2206 comperta
844 2146 940 2192 Natalis
948 2144 1095 2205 somessione,
1107 2145 1180 2193 etiam
1186 2144 1242 2205 pori

136 2204 307 2266 inconstantia,
321 2204 390 2255 forte
407 2207 462 2269 quie
476 2209 572 2268 potua
581 2208 636 2267 jorn
646 2208 724 2256 omnia
735 2214 842 2271 pataret,
860 2223 901 2257 nec
911 2209 982 2255 eitam
992 2208 1167 2257 imitamitntis
1176 2208 1242 2256 ratiti·

136 2270 214 2315 tatem
226 2282 293 2330 esse,
313 2275 402 2318 eeteros
417 2271 539 2333 prodidit:
554 2272 618 2320 inter
634 2288 691 2334 qnos
705 2273 823 2330 monas,
845 2272 1043 2334 Quinctiumque
1059 2271 1189 2321 etSerterio
1199 2272 1242 2320 diu

136 2346 263 2393 ugaoere.
297 2335 359 2381 Mox
369 2348 409 2397 spe
420 2336 494 2382 oenioe
508 2340 624 2384 octontuta
635 2336 755 2398 mereti,
771 2352 815 2398 qao
825 2336 996 2384 commanem
1007 2335 1172 2397 approbarent,
1193 2335 1242 2383 edi·

135 2396 203 2458 dere,
219 2396 336 2458 Laecam,
353 2396 461 2448 Atiliam
477 2406 585 2448 matrem
597 2415 679 2462 suam,
696 2400 863 2460 Quinctianae,
879 2399 992 2448 Glicinm
1005 2400 1118 2462 Gallum,
1137 2397 1243 2460 Marto,

136 2458 253 2509 Annium
265 2462 409 2510 Pollionem
412 2464 573 2524 familiarium
585 2478 689 2512 snorum
695 2465 832 2526 potissimos
844 2478 983 2524 promsere.

170 2524 251 2587 Atque
261 2525 351 2575 interea
361 2527 464 2576 Neronia
474 2528 578 2576 animam
591 2527 664 2591 subit,
674 2527 813 2590 Epicharin
822 2528 848 2574 in
857 2525 972 2576 custodia
984 2525 1074 2590 hateri,
1085 2540 1115 2574 en
1126 2525 1246 2592 nictatione¹

135 2743 187 2787 -6
204 2739 318 2791 Badens.
335 2743 489 2802 ignarus—7
507 2741 623 2790 Faiirnns
641 2739 720 2789 dabat
737 2741 854 2803 paratior,
873 2741 918 2790 sed
939 2741 1013 2790 simul
1029 2745 1113 2789 mutat
1126 2741 1243 2802 arguendi

135 2803 164 2851 in
184 2805 303 2866 menti,
318 2806 435 2855 Pricaeus
455 2807 481 2854 in
501 2809 604 2868 argenti.
646 2805 752 2866 Bipont.
772 2807 862 2868 legunt
881 2807 996 2866 arguendi
1011 2805 1136 2867 promtior.
1164 2805 1243 2855 Lali.

135 2870 252 2930 mnne,
270 2870 340 2932 quod
360 2872 458 2934 piacet,
476 2870 574 2934 qnippe
594 2871 709 2932 proxime
726 2869 759 2917 ad
777 2871 847 2933 vulg.
860 2871 994 2920 accedens.
1018 2869 1175 2918 Otertin.-8
1191 2869 1243 2918 Ms.

137 2931 219 2979 (torb.
230 2932 280 2980 sice
291 2934 348 2994 quio
358 2935 519 2983 &tonantius
583 2935 721 2994 sam-9
736 2934 779 2983 Sic
798 2935 900 2997 Lipsius
911 2939 939 2981 et
949 2933 1115 2981 recentiores.
1149 2931 1180 2979 ln
1192 2933 1243 2980 Ms.

137 2995 520 3060 corbmuneraqaaqaejan.
554 3000 587 3046 In
605 3000 657 3047 Ms.
670 2998 737 3060 Reg.
752 3007 830 3059 atque
842 2997 958 3046 editione
974 2996 1100 3057 principe,
1117 3000 1141 3042 et
1159 3000 1244 3043 macta

130 3056 196 3116 joni.
230 3060 294 3108 Mss.
316 3061 389 3111 Harl.
406 3054 461 3112 dei.
482 3070 511 3111 et
528 3062 698 3120 Puteolanus,
716 3067 773 3108 ante
788 3064 945 3108 macte-1⁰
961 3058 1064 3106 Aciliam
1086 3057 1199 3106 Brotier.
1216 3064 1244 3106 et

136 3121 308 3172 Puteolanus.
341 3125 373 3173 In
390 3126 442 3175 Ms.
462 3125 664 3189 negatarum.
698 3125 763 3172 Mes.
782 3122 858 3172 Bodl.
875 3123 1055 3172 secernam.
1089 3121 1244 3184 Gronovius,

136 3187 264 3236 Aerittorn.
297 3189 384 3238 Editio
395 3189 528 3253 princeps,
538 3190 648 3250 Atitiarn,
664 3187 738 3236 etsie
752 3186 868 3250 Ryckius
880 3194 907 3235 et
918 3186 1026 3248 Bipont.

634 3347 745 3398 NOTAE

169 3468 182 3502 5
209 3459 355 3524 Proeeipsos]
394 3461 504 3510 Intimos
529 3460 670 3510 amicorum
710 3459 803 3508 ‘Zeno
826 3465 973 3519 accusatus,
992 3456 1061 3520 quod
1081 3458 1244 3522 conjurasset

137 3537 262 3598 Neronis,
285 3539 327 3586 vel
342 3539 462 3601 exemplo
482 3552 529 3586 seu
551 3537 670 3586 instituite
709 3535 736 3583 in
747 3535 888 3598 perniciem
896 3533 1009 3582 Nearchi
1019 3534 1205 3598 Tyranni‚cum
1216 3536 1248 3584 in·

138 3614 226 3677 prisco
235 3613 271 3661 sic
282 3613 438 3662 ulciscentes
449 3613 611 3675 Tyrannum:
630 3614 670 3661 rel
710 3610 895 3674 quaestionibus
899 3609 1040 3672 juberetur
1051 3609 1130 3658 edere
1141 3611 1244 3660 nomina

137 3689 190 3752 ipsi
202 3687 310 3748 Neroni,
327 3688 369 3735 vel
387 3687 436 3736 sibi
454 3688 516 3750 ipsis
533 3687 586 3736 tate
605 3687 669 3735 indi·
709 3685 1244 3752 conjuratorum,uonrinavitplerosqueilii

137 3763 207 3813 duur
220 3761 404 3825 gratificantes.
437 3762 481 3812 Sic
498 3762 599 3812 Natalis
611 3776 670 3824 pro·
711 3762 887 3811 amicissimos.
923 3763 965 3810 De
985 3762 1094 3811 hiscum
1106 3763 1243 3824 Tyrannus

137 3840 206 3890 didit
228 3842 354 3888 Senecam
372 3840 490 3890 amicum.
522 3841 566 3895 Sic
587 3841 671 3888 Luca·
710 3837 842 3886 sumsisset
876 3837 1041 3899 supplicium,
1080 3845 1244 3900 rogaretque,

136 3930 187 3964 nns
206 3921 326 3976 matrem,
345 3924 374 3964 et
392 3917 436 3965 atii
452 3917 530 3977 alios;
547 3917 584 3966 sic
595 3917 671 3965 indi-
710 3927 771 3961 nom
784 3910 840 3975 quis
853 3924 931 3973 super
943 3918 1013 3958 esset
1025 3911 1127 3959 adhuc?
1150 3911 1190 3958 Ta
1202 3924 1243 3960 so·

136 3995 213 4040 tetern
223 3991 378 4040 accubent.
711 3991 760 4051 lus,
770 3990 862 4054 inquit,
879 3989 993 4052 Reipnb.
1004 3989 1141 4052 pernicies.
1173 3987 1243 4036 Tan·

168 4066 308 4116 waram
343 4068 472 4130 menpaas
505 4069 671 4132 remansere]
710 4066 770 4116 dem
782 4071 810 4115 et
826 4066 939 4128 linguam
951 4064 1072 4113 dentibus
1083 4067 1242 4124 amputatam

136 4146 224 4196 Quam
235 4143 336 4202 melius,
355 4158 431 4207 qnam
443 4143 536 4194 fortius
549 4148 670 4210 antiquus
710 4141 738 4190 in
754 4156 782 4191 os
798 4140 924 4205 Tyranni,
945 4139 1013 4203 quod
1032 4152 1087 4201 pree
1106 4134 1244 4186 iracundia

136 4218 181 4270 itte
190 4218 264 4269 Zeno
272 4218 376 4270 Eleates
384 4218 417 4268 de
426 4234 476 4284 qne
485 4219 588 4285 Apopta
596 4222 670 4288 turn.
709 4213 942 4282 hiabat,sxspnit.'
