2984 4850
189 385 329 451 r.c.co.]·
536 384 741 435 assumunt
767 386 838 436 ern.
854 380 937 435 xvi.
1203 376 1292 442 205⁶

188 530 374 593 turbarent4
387 544 564 610 gnarosac
580 532 872 613 saepeamilitibus
888 532 1144 609 verberarentur,
1161 534 1221 614 qui
1230 554 1291 616 per

189 645 313 691 cuneos
324 626 481 706 stabant,¹²
490 650 530 693 ue
540 630 630 711 quod
641 631 799 714 temporis
808 636 1008 695 momentum
1018 632 1137 713 impari
1147 632 1291 698 clamore

189 732 246 791 eut
260 728 390 793 silentio
405 727 504 811 segnii
513 731 706 811 praeteriret.
742 731 907 807 Constitit,
918 731 1094 813 plerosque
1106 730 1290 815 Equitum,⁵

188 827 268 893 dum
282 849 341 912 per
363 832 530 911 angustias
553 830 664 895 aditus
686 838 718 897 et
740 832 943 913 ingruentem
968 832 1207 895 multitudinem
1221 836 1290 898 eni·

188 931 310 1007 tuntur,
340 930 489 1007 obtritos,
513 936 546 995 et
571 932 669 1008 alios,
692 930 772 995 dum
794 930 881 995 diem
902 937 1100 1013 noctemque
1121 933 1295 999 sedilibnsl

188 1030 389 1107 continuent,
419 1031 533 1111 morbo
571 1030 736 1095 exitiabili
776 1037 964 1114 correptos:
1002 1034 1129 1114 quippe
1158 1036 1291 1115 gravior

187 1130 293 1193 inerat
314 1127 446 1209 metus}
467 1132 497 1194 si
522 1134 717 1213 spectaculo
744 1132 936 1210 defuissent,
963 1133 1078 1196 multis
1102 1130 1235 1215 palam,l
1257 1142 1291 1200 et

188 1230 340 1313 pluribus
355 1231 507 1310 occultis,
520 1239 557 1296 ut
570 1235 706 1297 uomina
731 1254 772 1298 ac
794 1235 916 1310 vultus,
934 1234 1148 1311 alacritatem,
1165 1235 1291 1298 tristiti-

188 1349 308 1415 amque
337 1330 525 1396 coduntinm
552 1339 783 1398 scrutarentur.
827 1332 926 1397 Unde
950 1333 1154 1396 tenuioribus
1180 1335 1291 1398 statim

188 1488 339 1549 ter-pellerent
353 1488 449 1550 peritos,
460 1504 487 1537 cc
498 1504 558 1553 sepe
569 1488 647 1537 etiam
654 1488 816 1547 ferireatera
830 1487 990 1550 pretorianis,
999 1487 1039 1551 qui
1045 1490 1186 1550 pergrodus
1194 1490 1291 1553 amphi-

188 1551 283 1598 theatri
294 1551 447 1614 excubabunt,
461 1568 491 1601 ne
509 1569 555 1615 qun
565 1567 626 1615 -pors
640 1554 752 1616 temperis
769 1553 863 1601 dissere
877 1554 962 1614 plesse
972 1559 1016 1600 nst
1034 1552 1108 1600 inerti
1125 1553 1218 1609 oboth
1225 1569 1291 1616 prce.

187 1613 349 1662 terloberetur.
385 1616 534 1677 Conspectum
544 1623 589 1676 est,
598 1618 713 1678 plurimos
723 1616 884 1680 eprehendere
892 1630 936 1678 per
951 1622 1053 1678 agusta
1063 1617 1155 1664 sturme
1165 1622 1188 1664 et
1199 1618 1291 1674 corper-

187 1680 237 1724 tom
252 1677 342 1738 plebem
360 1681 470 1741 madunt,
479 1679 729 1741 proculcatosfuisse:
756 1685 781 1727 et
793 1680 979 1741 elleadunsdin
997 1684 1107 1742 noctuque
1122 1680 1215 1729 theatri
1225 1684 1291 1731 sellis

186 1741 299 1802 addent,
313 1742 340 1789 in
359 1743 451 1791 letalem
462 1742 566 1791 morbum
585 1742 703 1791 incidisse.
737 1744 802 1791 Nasu
820 1742 894 1801 medor
912 1742 1016 1791 iusim
1027 1742 1142 1805 formido,
1159 1744 1181 1791 si
1198 1746 1289 1795 ludicro

186 1804 325 1867 abstinent,
336 1807 514 1867 molliebatur,
529 1812 553 1855 et
568 1806 676 1869 pleribus
686 1808 746 1855 clem
761 1806 902 1869 dispositis,
918 1810 945 1853 et
956 1805 1101 1868 immam
1112 1806 1232 1866 mutale,
1240 1811 1291 1857 cul

186 1872 279 1931 tasqee,
290 1875 313 1918 et
323 1872 470 1919 rhomum
482 1886 510 1920 uc
520 1872 657 1919 mestitiam
667 1870 854 1920 convenientiam
869 1868 1077 1933 specularentur.
1113 1869 1177 1919 Hine
1193 1872 1291 1922 medea

664 2012 827 2031 OO‘OOOOMO

186 2094 272 2207 arigis.
284 2095 348 2161 Agr.
358 2097 583 2162 turmasque-s
603 2100 634 2147 Io
644 2100 697 2148 Ms.
707 2098 773 2159 Reg.
789 2102 817 2146 et
836 2096 950 2147 editione
961 2095 1087 2161 principe,
1094 2097 1218 2160 plerosque
1227 2094 1291 2143 mili·

184 2390 254 2446 rent,
270 2384 329 2436 hinc
346 2386 447 2437 facilius
465 2388 592 2452 citiusque
610 2386 715 2438 fatisce·
755 2382 801 2434 sed
812 2381 869 2432 rudi
879 2387 907 2432 et
914 2381 1092 2445 absonavoce,
1100 2382 1290 2445 supervenisse,

185 2457 258 2520 bant,
269 2461 340 2510 velut
348 2462 471 2524 imperiti,
478 2464 602 2512 aetatium
611 2462 715 2524 insueti,
755 2460 801 2526 qui
810 2459 901 2509 solitus
912 2464 984 2508 esset
993 2458 1083 2507 urbem
1100 2457 1139 2506 ita
1155 2457 1290 2520 perambu-

184 2535 319 2583 autetiam
330 2543 490 2598 spernentes.
536 2569 538 2576 ι
755 2537 819 2598 tare,
837 2541 865 2584 et
884 2533 995 2585 Neronis
1013 2532 1128 2582 carmina
1144 2533 1289 2583 cautillnre.

217 2608 362 2673 rmore]
389 2611 715 2676 &continuarentque
756 2612 853 2665 Queri
861 2609 917 2675 quis
927 2615 973 2659 ant
981 2607 1156 2674 negligentius
1166 2607 1291 2671 audisset,
1339 2610 1342 2615 ’

183 2685 288 2749 plebem
309 2687 342 2736 ad
353 2688 493 2738 clamorem
507 2695 533 2742 et
544 2690 672 2752 plausum,
682 2704 716 2739 ne
755 2693 801 2737 aut
811 2684 958 2737 mercedem
969 2684 1122 2748 condignam
1139 2697 1190 2732 non
1202 2682 1289 2731 dedis-

183 2776 237 2825 que
257 2777 316 2826 pars
337 2763 469 2827 temporis,
488 2765 592 2815 dissono
614 2766 714 2830 plausu,
755 2769 806 2826 set,
829 2763 861 2813 ab
881 2777 912 2811 eo
930 2767 1051 2826 tanquam
1070 2758 1214 2823 impietatis
1229 2773 1288 2808 rens

183 2837 432 2890 eutinestisilentio
442 2841 598 2905 preteriret.
754 2839 877 2889 conviciis
893 2837 1044 2901 petebatur,
1062 2841 1091 2885 et
1109 2835 1136 2883 in
1157 2848 1288 2884 carcerem

216 2911 318 2976 ’δαμῇ
335 2915 394 2967 Quo
404 2916 475 2965 nulle
483 2931 533 2965 vox
541 2917 714 2980 emitteretur,
754 2906 908 2965 ducebatur.
942 2912 1071 2963 chordam
1091 2917 1229 2973 praterea,
1240 2924 1289 2958 usu

182 2987 338 3037 nnllafieret
354 2990 712 3056 acclamatin,autquoiuer-
755 2991 877 3040 detritam
899 2994 927 3037 et
957 2986 1079 3047 fractam,
1100 2999 1158 3047 quae
1182 2985 1209 3032 in
1230 2984 1288 3046 ipse

182 3069 224 3112 tes
235 3069 263 3112 et
273 3077 365 3128 segnes
382 3066 487 3128 plausus
506 3067 656 3132 tradidique
667 3069 713 3117 cle-
754 3064 906 3114 Neroniana
925 3062 1025 3111 cithara
1043 3057 1144 3118 fuisset,
1155 3057 1288 3106 utceime-

182 3146 362 3190 moresessent.
753 3140 816 3188 lium
825 3137 930 3203 aliquod
938 3137 965 3184 in
974 3134 1063 3185 arcula
1072 3131 1189 3182 terebat:
1207 3138 1288 3196 atque
1314 3184 1318 3193 ,

213 3212 222 3256 l
233 3205 361 3277 Sedihbus]
380 3214 476 3264 Sedilia
487 3215 576 3278 populi
583 3215 715 3278 populeris,
755 3228 812 3264 eam
823 3219 919 3262 emtam
928 3210 978 3261 sibi
987 3209 1086 3259 duabus
1092 3209 1167 3257 minis
1177 3207 1287 3258 ferebat.

183 3287 259 3338 sedes
292 3290 404 3340 Senatus
431 3290 561 3352 erchem,
599 3290 714 3355 equitnm
754 3290 813 3340 Nec
824 3288 943 3352 cuiquem
959 3300 1037 3351 porro
1055 3284 1227 3346 venditurum,
1238 3284 1288 3334 uisi

181 3365 437 3428 Rom.quuteordeeim
443 3367 537 3416 ordines
543 3367 713 3416 vocabantur.
755 3365 799 3432 qui
810 3363 1035 3430 prestantissimae
1053 3361 1080 3410 in
1096 3374 1128 3409 ea
1141 3367 1197 3409 arte
1208 3368 1289 3424 esset,

214 3438 338 3505 “Quippe
355 3442 455 3504 masur
475 3441 552 3492 inerat
570 3443 656 3505 mdes]
687 3441 712 3491 0
755 3448 783 3492 et
794 3440 932 3506 aliquando
944 3438 1046 3503 Pytbiis
1055 3435 1180 3486 vicisset?

178 3515 263 3578 indos,
282 3532 298 3567 o
315 3517 438 3581 ineptias,
469 3517 516 3568 sed
541 3523 662 3568 cruentes
685 3522 714 3567 et
786 3516 874 3582 Atque
885 3516 969 3578 addit,
981 3514 1148 3578 Apollonium
1167 3515 1250 3577 ipsum
1259 3520 1288 3563 et

181 3593 283 3642 tristes!
296 3594 366 3644 Nam
372 3592 712 3657 morseomes,antexilium,
754 3594 863 3644 comites
874 3593 938 3656 ejus,
954 3606 1012 3641 cunr
1022 3588 1091 3640 affici
1101 3604 1152 3638 non
1170 3590 1288 3638 videreu·

182 3669 262 3733 siquis
293 3670 409 3733 seguiter
439 3669 580 3720 audivisset
612 3669 715 3719 scilieet
753 3674 807 3731 tur,
818 3674 953 3718 accusatos
974 3667 1057 3731 abeo,
1068 3674 1097 3716 ut
1109 3665 1208 3716 Divisa
1223 3666 1287 3714 cocis

181 3744 250 3795 hunc
263 3746 396 3796 Phoebum.
753 3752 922 3804 contemtorem
954 3745 1001 3796 sed
1026 3744 1178 3794 mercedula
1199 3749 1286 3792 tamen

214 3820 390 3872 Philostratus
408 3822 474 3872 scite
492 3828 597 3872 narrat:
614 3809 714 3886 ‘Apol
753 3821 824 3884 data,
841 3821 970 3870 hominem
993 3820 1119 3884 placasse.
1153 3818 1219 3867 Huc
1241 3816 1286 3866 tib.

181 3895 279 3946 lonium
297 3897 399 3947 venisse
414 3899 531 3960 Romam,
544 3904 571 3948 et
587 3897 614 3947 in
631 3897 714 3961 hospi·
753 3911 792 3948 rv.
809 3897 914 3961 lipsius.

181 3969 247 4020 tium
259 3971 399 4036 quoddam,
416 3987 464 4036 per
473 3973 529 4024 haee
548 3979 667 4036 tempora
678 3971 714 4020 di·
787 3973 897 4024 'Mettis
915 3974 1008 4038 palem]
1035 3970 1127 4022 Multis
1150 3967 1235 4032 palem
1258 3973 1286 4035 et

182 4045 303 4096 vertisse.
337 4048 378 4098 lbi
391 4055 479 4098 antem
496 4048 622 4098 hominem
635 4062 714 4113 quen·
753 4055 845 4113 aperte
855 4050 1030 4099 scrutantibus
1047 4047 1141 4096 remise
1156 4044 1287 4105 uultusque,

182 4119 253 4184 dam,
264 4123 366 4172 scenico
376 4123 477 4186 habitu,
487 4124 612 4174 citharam
623 4129 713 4174 tenen·
754 4141 813 4178 cum
829 4127 872 4176 atii
892 4129 978 4192 plures
997 4125 1066 4176 idem
1084 4122 1164 4173 etiam
1182 4118 1285 4170 occulte

183 4200 276 4246 temet
290 4197 447 4263 pulsantem,
459 4205 607 4250 cantantem
625 4199 714 4264 etiam,
753 4201 933 4254 obsmsrent.
956 4240 960 4247 .
