2984 4850
183 337 317 404 unsa]
522 329 729 383 auunnrnu
754 329 827 401 nint
851 327 933 385 xlv.
1203 317 1293 397 1815

184 499 206 548 a
227 474 362 560 Seneca
379 477 497 544 eodem
518 478 654 544 snmus
674 479 851 566 perculsus
871 485 934 546 est.
984 478 1084 546 Unde
1100 478 1227 548 Pisoni·
1246 484 1289 550 ti·

184 681 308 742 Senecom,
319 683 346 729 at
356 679 444 730 socium
454 678 483 728 C.
497 677 610 738 Pisonis:
625 679 667 728 aed
681 679 840 732 venementius
849 679 966 758 mineriit
976 680 1044 729 iliam
1057 681 1192 746 retuditqm
1202 679 1290 732 Seneca

186 930 266 981 Corb.
278 928 360 982 editio
371 928 493 996 princeps
502 936 531 981 ct
543 930 713 982 recentiores.
746 930 779 982 In
791 931 857 982 bisc.
869 930 944 984 Harl.
955 932 1010 984 Jer.
1019 935 1049 981 et
1059 931 1227 998 Puteolanus,
1237 947 1290 983 cre·

686 1111 795 1163 ΝΟΜ

184 1237 318 1287 praecem
335 1228 406 1274 utet
423 1222 500 1288 inira,
516 1239 574 1276 cnm
585 1223 720 1289 Epicharis
786 1215 936 1290 despectus
952 1224 1015 1276 Piso
1031 1223 1067 1274 ob
1081 1223 1245 1276 nobilitatem
1263 1233 1293 1278 et

185 1300 274 1350 delata
285 1307 336 1362 est,
349 1315 407 1365 quse
418 1301 443 1348 vi
453 1306 638 1352 tormentorum
649 1300 720 1365 adigi
759 1302 895 1365 virtutem,
905 1317 956 1352 non
966 1301 1000 1351 ob
1010 1301 1294 1368 coniurationemque

186 1376 376 1440 non'potuit,ut
384 1375 515 1427 fateretur
525 1377 622 1426 crimen
632 1397 639 1439 ;
651 1377 720 1441 quod
761 1377 875 1428 nondum
887 1385 946 1427 orla
956 1393 963 1438 ;
974 1384 1003 1427 et
1011 1378 1122 1427 societas
1131 1378 1189 1441 ejus
1198 1385 1298 1440 tamen,

186 1459 274 1502 tannen
292 1469 383 1504 rernm
400 1453 461 1517 fuit,
479 1454 542 1505 licet
560 1469 650 1506 verum
668 1469 720 1506 non
760 1470 807 1522 seu
822 1455 947 1517 amicitia,
960 1454 1060 1504 crimen
1070 1452 1130 1518 fuit,
1148 1455 1295 1518 presertim

186 1528 353 1602 prpbaretnr.
425 1593 429 1598 Ι
585 1593 588 1598 ¹
761 1530 788 1598 in
799 1530 900 1580 Seneca
919 1528 1044 1594 opulento
1060 1536 1088 1578 et
1104 1543 1205 1594 magne
1216 1529 1294 1581 samse

219 1601 255 1654 Et
267 1619 295 1654 re
305 1606 361 1669 ipsa
370 1605 431 1654 Piso
440 1605 626 1670 conjurationis
635 1621 720 1673 neque
759 1603 826 1655 viro.
1085 1601 1088 1607 '

185 1687 278 1731 arrctm
294 1695 378 1746 neque
399 1683 496 1746 prirnns
517 1683 635 1734 concitur
658 1683 720 1747 fuit,
793 1685 887 1748 Itaque
907 1684 967 1734 talis
988 1683 1103 1736 amicitia
1120 1683 1296 1748 exprobratu

186 1758 265 1828 immo
275 1765 304 1808 et
315 1759 398 1809 inscio
415 1760 472 1822 ipso
483 1761 622 1824 conjurati,
637 1761 721 1812 acciso
760 1759 879 1822 Senecae,
888 1759 933 1809 sed
945 1757 1023 1821 salam
1041 1766 1069 1810 et
1085 1761 1130 1809 ilie
1144 1760 1295 1810 criminato-

186 1832 304 1895 Nerone,
322 1833 520 1884 consentiebant
547 1834 573 1882 in
599 1835 721 1884 Pisonem
761 1835 920 1884 remeoderu
937 1835 1045 1885 crimine
1063 1835 1296 1884 retnnditsnbver·

186 1908 344 1972 eligendum.
382 1909 454 1958 Nihil
472 1915 526 1959 turn
543 1910 639 1974 agebat
650 1911 722 1974 Piso,
763 1911 860 1976 titquc,
871 1924 915 1962 seu
928 1911 1044 1961 eandem.
1053 1911 1166 1974 Pisonis,
1177 1925 1223 1960 sen
1235 1911 1297 1962 alio·

184 1983 251 2032 nibil
278 1984 441 2034 moliebatur.
483 1985 563 2058 Forte
589 1987 722 2054 particeps
763 2003 820 2056 runs
845 2002 984 2051 procerum
1003 1987 1144 2037 amicitiam
1164 1987 1191 2036 in
1210 1988 1323 2050 ipsnrn·

179 2057 239 2110 'fuit
251 2067 351 2125 postea,
370 2077 427 2112 cum
439 2063 492 2125 jam
503 2063 592 2113 adulta
602 2064 721 2128 conjura·
764 2063 860 2114 acriter
871 2065 1122 2130 retorquetseneca
1155 2065 1297 2129 noemin

187 2139 228 2186 tin
239 2143 318 2200 esset,
328 2137 374 2186 sed
387 2144 450 2196 tum,
462 2153 520 2187 cnm
531 2145 669 2190 accusatur
678 2141 721 2191 llic
761 2145 814 2203 est,
822 2141 942 2192 amicum.

185 2215 298 2278 Seneca,
316 2221 388 2264 certe
409 2215 471 2264 nihii
488 2215 572 2265 adbuc
590 2217 722 2279 movebat,
798 2217 951 2267 Immomnt
970 2217 1082 2268 Senecam
1101 2222 1128 2267 at
1149 2219 1180 2269 C.
1200 2217 1297 2267 Pisonis

188 2291 278 2355 sicque
297 2289 362 2340 nihil
384 2291 491 2354 probari
514 2291 608 2355 potuit.
652 2285 723 2342 Hinc
763 2291 1057 2357 mcinm1Difficilislric
1074 2294 1155 2355 lours,
1173 2292 1299 2344 ethisto·

186 2381 230 2416 res
242 2367 327 2432 sopita
344 2368 445 2433 mansit,
464 2367 510 2418 sed
530 2368 568 2418 ita
584 2373 614 2418 nt
633 2375 725 2434 postea
764 2370 813 2418 rim
837 2368 915 2434 hujus
936 2383 1031 2419 arcana
1051 2383 1104 2418 non
1122 2369 1184 2418 satis
1201 2368 1299 2434 promit

185 2458 289 2507 msgnae
309 2444 383 2495 molis
401 2446 549 2509 conjuratio
575 2446 635 2497 binc
652 2448 725 2497 velut
764 2444 902 2509 aperitque
917 2446 1033 2495 Tacitus.
1067 2444 1146 2506 Puto,
1164 2445 1225 2509 qnia
1246 2458 1299 2495 ser·

189 2522 337 2571 incendium
349 2521 438 2585 ingens
450 2522 599 2581 exarderet.
764 2519 818 2572 vile
828 2520 878 2570 hoc
889 2520 1052 2569 mendacium
1061 2518 1302 2584 minuendorum

203 2644 208 2655 ,
222 2598 266 2649 Sic
282 2604 375 2662 postea
393 2598 503 2647 Subrius
523 2595 626 2648 ilarim
642 2598 726 2650 etalii
765 2595 866 2645 retudit
882 2596 989 2657 Seneca,
1006 2610 1056 2645 nec
1075 2600 1162 2645 tamen
1179 2596 1208 2645 id
1227 2598 1299 2647 clare

187 2674 396 2734 consentiebant,
405 2674 726 2737 nteveberentSenecnm,
767 2672 891 2735 explicat.
923 2671 983 2720 Nec
999 2671 1068 2720 enirn
1085 2671 1244 2721 solummodo
1255 2687 1322 2729 vo·,

188 2751 263 2798 uelut
276 2749 402 2813 optimum
415 2758 443 2797 et
454 2748 619 2799 innocentem
632 2750 727 2813 sirum,
767 2753 812 2797 cat
822 2746 947 2797 Senecam
957 2747 1066 2797 amicum
1082 2746 1113 2797 c.
1123 2748 1236 2813 Pisonis,
1252 2749 1300 2799 sed

187 2824 271 2873 inscio
296 2831 383 2873 tamen
410 2824 518 2874 Seneca.
569 2825 612 2874 Sic
639 2826 726 2876 occiso
767 2828 796 2873 et
812 2823 919 2882 sociam3
935 2837 987 2887 qno
1003 2822 1302 2886 jaminuuerevidetnr

187 2902 352 2961 Domitiano,
371 2914 524 2951 consensere
536 2900 563 2949 in
575 2900 676 2951 Nevarn
688 2902 726 2951 iu·
768 2899 923 2950 societatem
933 2898 1095 2951 criminosam
1105 2899 1230 2949 adversus
1242 2900 1301 2951 Cae·

187 2976 279 3027 scium.
311 2976 356 3025 Sic
374 2976 460 3027 occiso
480 2976 632 3041 Commodo,
647 2978 726 3027 etiam
767 2990 861 3025 sarem.

188 3054 218 3119 in
237 3053 403 3103 Pertinacem
422 3053 459 3102 rei
472 3053 597 3117 ignarum.
801 3052 837 3102 Et
853 3057 941 3101 tamen
955 3050 1001 3100 ills
1011 3050 1117 3114 grandis
1136 3048 1303 3114 conspiratio,

226 3128 261 3177 Et
270 3127 298 3176 id
309 3138 424 3177 erratsrnr
435 3128 467 3177 ab
479 3129 520 3189 iis,
532 3128 574 3191 qui
583 3128 727 3193 Caligulam
767 3134 823 3179 tum
835 3128 947 3177 nondum
967 3125 1091 3187 conflata,
1108 3126 1221 3175 noudum
1230 3134 1303 3189 usta,

190 3202 359 3265 interfecere,
377 3205 452 3267 quod.
467 3204 500 3253 de
518 3219 569 3253 uno
584 3205 727 3269 aliqnoeli-
769 3204 838 3268 quod
867 3202 971 3267 quidem
998 3203 1096 3251 sciatur
1121 3216 1155 3252 ex
1183 3202 1301 3252 historia.

190 3280 277 3344 gendo
286 3294 336 3329 raon
345 3286 406 3329 ante
415 3282 598 3345 cogitaverint,
607 3294 728 3330 revocan-
768 3280 838 3329 Nam
846 3283 931 3341 cepta,
941 3284 1011 3328 teste
1021 3278 1112 3329 'incito
1122 3278 1190 3343 ipso,
1200 3283 1306 3332 tantum

190 3357 233 3407 dm
245 3356 375 3406 libertatis
386 3358 553 3421 pervicaces:
565 3359 614 3408 hoc
626 3365 728 3408 tantum
744 3358 748 3363 ’
768 3354 988 3407 consulibussiiio
998 3356 1090 3405 Nerva
1100 3362 1127 3405 et
1138 3354 1230 3405 Attico
1237 3356 1306 3415 vna,

190 3432 376 3482 moliebantur.
769 3433 835 3495 tino,
854 3438 884 3480 ut
893 3438 968 3496 petet
979 3433 997 3481 1.
1010 3442 1070 3480 xlv.
1083 3436 1124 3481 48.
1144 3439 1172 3482 et
1183 3434 1302 3500 hocloco

229 3506 263 3557 Ut
276 3508 305 3557 C.
321 3509 414 3557 Pisonis
431 3508 530 3572 socium]
554 3508 676 3560 Difficilis
691 3512 729 3560 io·
769 3522 829 3559 xiv.
838 3512 881 3558 65.
891 3508 996 3557 'I'acitus
1008 3508 1046 3556 sic
1060 3508 1166 3571 babet,‘
1178 3507 1247 3557 unde
1258 3507 1303 3557 Pi·

193 3598 249 3645 ras,
259 3590 287 3633 et
295 3585 399 3634 brevius
407 3600 461 3634 rem
472 3586 610 3651 exequitur
625 3588 729 3636 Tacitus
764 3586 827 3634 'soni
844 3584 921 3633 timor
931 3589 959 3633 et
970 3588 1028 3632 orta
1046 3582 1199 3632 insidiarum
1209 3584 1237 3633 ln
1250 3584 1303 3633 Ne·

192 3672 271 3722 quaem
285 3660 388 3708 ntsetis
403 3659 515 3723 intelligi
532 3662 623 3724 possit.
658 3664 729 3711 Non·
771 3673 860 3708 runem
871 3672 966 3722 magna
977 3658 1080 3708 moles?
1095 3672 1200 3724 nempe,
1211 3667 1304 3724 postea

193 3736 255 3784 duur
267 3735 422 3798 conjurabat
434 3736 505 3798 Piso,
524 3738 636 3787 nondum
654 3752 729 3803 eper-
770 3725 824 3784 orto
839 3738 882 3783 cst.

194 3815 223 3859 ts
239 3808 282 3859 ille
299 3811 453 3875 conjuratio,
473 3826 531 3876 qliae
551 3813 635 3863 adhuc
653 3816 730 3879 nulla,
803 3811 897 3878 ltaque
917 3810 1032 3860 nondum
1051 3818 1110 3861 orta
1129 3811 1229 3871 meimet
1251 3811 1305 3873 ilia,
1334 3846 1341 3858 .

192 3898 255 3935 eain
265 3902 340 3936 exeo
351 3893 423 3936 ruetu
435 3898 494 3937 oris
505 3888 538 3938 sit
549 3898 648 3954 postes.
672 3891 731 3942 Nisi
771 3888 819 3937 deu
839 3888 1004 3951 conjuratio:
1022 3893 1051 3936 et
1068 3886 1148 3936 falsus
1169 3894 1305 3935 accusator

195 3960 266 4011 forte
279 3963 335 4025 jam
347 3967 483 4026 suspectus
502 3973 572 4015 esset
588 3966 660 4027 Piso,
673 3968 731 4033 jam
771 3966 817 4014 iile
829 3965 957 4024 mutuom,
967 3970 996 4012 et
1007 3963 1129 4012 vanitatis
1139 3962 1223 4025 palam
1236 3976 1305 4010 com·

193 4046 333 4101 aspectus
350 4039 450 4088 Seneca
469 4038 521 4089 odii
536 4041 661 4091 adsersus
679 4056 732 4092 ma·
771 4048 864 4105 pertus
875 4046 925 4099 est,
937 4040 1035 4087 acriter
1044 4044 1170 4101 arguente
1180 4036 1251 4085 illurn
1260 4038 1305 4087 Se·

192 4115 290 4177 autres
299 4114 489 4165 dominationis.
772 4130 838 4165 neca
857 4116 938 4165 codem
951 4115 1064 4163 crimine.-
1079 4112 1108 4163 tl
1120 4118 1177 4176 est,
1196 4113 1219 4162 si
1234 4112 1304 4163 forte
