2984 4850
163 370 299 440 rosa]
395 432 406 451 ο
505 368 712 423 suasurus
736 376 810 425 nra.
834 378 915 427 x1v.
1181 354 1268 431 losb

162 535 243 595 non,
257 520 295 581 ut
312 504 483 579 hominum
496 516 636 593 vultus,⁴
651 516 697 581 ita
719 518 866 583 locorum
884 519 990 585 iacies
1018 524 1194 601 mutentur,
1208 524 1267 587 ob-

164 618 440 699 versabaturque⁵
464 617 567 681 maris
586 617 679 680 illius
701 622 735 683 et
755 620 902 683 littorum
921 622 1033 703 gravis
1048 627 1203 705 aspectus
1217 621 1269 706 (et

101 718 105 728 '
164 724 269 795 erant,
288 718 348 803 qui
370 715 548 794 crederent,
574 719 715 782 sonitum
742 723 833 785 tuboe
859 723 1002 786 collibus
1022 721 1160 797 circum⁶
1170 722 1267 787 editis

164 819 385 903 planctusque
410 818 540 882 tumulo
566 815 695 882 metrisj
720 818 854 903 audiri),
871 818 1064 904 Neapolimlt
1090 824 1267 903 concessit,

164 918 346 1002 literaeque
360 918 403 983 ad
415 919 573 1011 Serestum
585 920 687 997 misit,
704 940 843 1004 quarum
858 942 990 987 summa
1006 930 1094 988 eret:

206 1019 261 1084 ll.
277 1019 480 1103 ‘Repertum
489 1020 658 1083 cumferro
667 1040 894 1103 percussorem
902 1022 1080 1105 Agerinum
1089 1044 1132 1088 ex
1142 1025 1265 1089 intimis

164 1119 360 1203 Agrippinae
381 1120 518 1196 libertis,
531 1126 564 1183 et
584 1120 688 1184 luisse
709 1141 783 1184 eam
797 1142 933 1205 poenam
954 1127 1183 1202 conscientie,¹
1200 1145 1266 1209 qua

164 1222 273 1285 scelus
301 1218 516 1305 paravisset.'¹
567 1220 761 1305 adjiciebat
795 1225 932 1288 crimina
955 1226 1084 1307 longius
1107 1213 1265 1309 repetita3

153 1323 174 1354 '‘
191 1324 280 1404 quod
293 1324 492 1387 consortium
507 1323 657 1406 Imperii,
677 1323 908 1408 juraturasque
928 1326 964 1388 in
989 1325 1135 1390 foeminae
1163 1326 1267 1390 verba

163 1421 346 1487 Praetorias
361 1424 522 1518 cobortes
533 1425 686 1507 idemque
697 1425 844 1490 dedecus
856 1427 995 1492 Senatus
1004 1434 1037 1492 et
1049 1426 1174 1510 Populi
1188 1446 1265 1510 spe·

162 1576 329 1636 mmet
338 1572 417 1632 furies
432 1573 560 1637 bedun,
569 1575 727 1651 offerebatque
742 1592 767 1625 se
783 1575 869 1626 animo
878 1578 979 1639 «equoris
989 1577 1054 1625 illius
1067 1581 1091 1625 et
1106 1576 1212 1639 riparum
1220 1574 1264 1625 iet·

160 1641 274 1698 pertrtnss
282 1643 401 1700 aspectu,
410 1640 452 1700 (et
462 1645 539 1698 nunt,
549 1655 589 1701 φη
601 1642 913 1702 &matrimonia
928 1641 990 1690 tabe
997 1654 1122 1703 pascam
1132 1640 1158 1688 ie
1168 1639 1265 1689 amera

161 1701 340 1764 circumpositis,
355 1702 498 1763 ejebtesque
515 1706 545 1750 ad
561 1705 707 1765 repetebam
716 1705 826 1767 pareretis
845 1705 933 1767 audiri,
934 1705 952 1766 )
963 1706 1088 1767 Neapolim
1098 1719 1123 1753 se
1134 1703 1231 1767 recepit,
1239 1708 1264 1753 et

160 1765 286 1828 conposuit
296 1767 416 1829 epistolam
427 1771 459 1814 ad
471 1767 566 1825 Patres,
574 1768 640 1827 eujus
651 1769 700 1816 bec
709 1770 827 1816 antestio
837 1766 891 1826 seit
903 1785 910 1816 .-

128 1880 135 1896 ,
189 1830 390 1891 Deprehensum
401 1840 459 1877 cnm
470 1830 557 1892 gladio
569 1830 764 1881 interfectorem
773 1831 926 1895 Agerinum,
937 1844 970 1879 ex
979 1830 1098 1893 gratiosis
1109 1830 1263 1893 Agrippino

159 1891 271 1955 libertis,
281 1899 310 1941 et
320 1907 376 1941 enm
388 1894 479 1942 tulisse
489 1896 645 1957 supplicium
657 1896 973 1958 conscientiarumque
985 1892 1086 1943 fucinus
1104 1894 1264 1957 agitavisset.

159 1955 269 2005 Aeaeae
293 1959 381 2006 seelera
396 1958 470 2005 altius
485 1960 607 2020 repetita,-
630 1959 700 2022 quod
720 1965 851 2022 sperasset
871 1958 1023 2007 societatem
1043 1959 1214 2021 principuus,
1236 1964 1264 2007 et

158 2022 307 2083 pretorium
319 2021 429 2070 militem
438 2023 464 2070 in
475 2022 555 2071 verbe
565 2023 713 2073 mulierirse
725 2028 889 2072 sacramento
901 2021 1095 2084 obstricturum,
1102 2022 1263 2087 eandemque

621 2146 800 2167 namnum

155 2224 236 2274 editio
253 2222 374 2287 princeps
390 2231 418 2274 et
435 2223 603 2273 recentiores.
637 2222 669 2271 ln
690 2220 755 2270 tta.
774 2222 849 2271 Harl.
865 2222 942 2271 Bodl.
963 2222 1019 2273 Jes.
1042 2229 1072 2271 et
1092 2222 1263 2286 Puteolanus,

157 2294 184 2338 et
207 2290 335 2348 beminen,
352 2289 389 2336 ite
415 2290 515 2337 locorum
532 2288 611 2346 socies
627 2292 807 2335 metentem-5
833 2286 876 2335 lte
892 2288 944 2335 Ms.
963 2286 1031 2335 Flo‘r.
1052 2286 1215 2336 Puteolanus
1234 2294 1263 2337 et

158 2354 327 2402 recentiores.
348 2353 379 2401 ln
392 2352 537 2401 Mssllerl.
549 2352 626 2401 Bodl.
634 2352 687 2401 Jes.
695 2350 795 2412 Nepet
805 2350 919 2399 editione
930 2350 1049 2414 principe
1057 2350 1150 2399 omissa
1159 2351 1262 2414 copule.

158 2421 208 2466 -6
226 2418 322 2465 Circum
334 2417 407 2466 abest
419 2416 496 2465 eblo.
508 2415 598 2466 Guelt'.
620 2416 716 2464 Ense.
960 2469 962 2474 ,

188 2487 203 2530 1
221 2482 264 2530 Sic
289 2482 353 2529 Mas.
369 2482 438 2530 Flor.
455 2482 519 2543 Reg.
532 2481 607 2530 Hert.
619 2478 697 2528 Bodl.
708 2478 765 2528 Jes.
783 2475 871 2526 Guelt'.
889 2476 970 2527 editio
983 2477 1105 2540 princeps
1121 2484 1149 2527 et
1171 2492 1261 2528 recen-

155 2545 244 2594 tiores.
278 2546 351 2593 Male
371 2543 510 2594 addiderat
530 2546 679 2606 Rhenanus,
688 2557 716 2591 ee
729 2543 880 2592 conscientie.
901 2541 1015 2598 Brotier.
1048 2542 1103 2591 Pro
1114 2557 1166 2605 earn
1179 2541 1260 2593 llein·

155 2609 401 2659 siusvolebatelum.
952 2620 959 2630 ‘
1296 2607 1299 2614 ’

659 2727 766 2779 NOTAE

154 2856 203 2904 pes
215 2841 342 2904 Campani
353 2855 414 2890 vere
424 2841 512 2890 tristes
521 2856 529 2901 3
538 2839 584 2889 sed
596 2853 688 2888 revera
726 2837 788 2900 lico,
797 2851 842 2886 seu
856 2837 999 2900 Hispanis.
1020 2837 1142 2890 l'iltemoe.

154 2919 242 2980 letus,
261 2918 284 2966 si
303 2917 398 2966 laetitia
415 2925 456 2966 est
476 2917 623 2981 parricidis.
638 2916 687 2966 Ae-
722 2919 725 2922 ’
760 2910 936 2962 'Conscientia
954 2931 1000 2978 qua
1026 2916 1100 2966 scelus
1117 2916 1261 2980 paravisset]

152 2997 234 3045 nun,
727 2987 779 3040 Alii
790 2996 906 3051 vertunt,
918 3005 972 3053 prae
984 2991 1099 3053 pudore;
1122 2992 1175 3055 alii,
1190 2997 1261 3054 prout

182 3070 190 3104 ¹
210 3069 332 3133 lum]
359 3070 440 3122 Quasi
459 3067 570 3119 infestus
588 3066 637 3128 sibi
659 3073 687 3117 et
726 3066 849 3114 meret
865 3067 936 3128 ἐμω
951 3066 1004 3129 elli,
1020 3067 1144 3128 exagitata
1158 3068 1261 3117 stimulis

153 3147 231 3196 saluti
253 3160 321 3205 ωας
344 3145 417 3210 quasi
438 3151 574 3208 sperneret
595 3144 688 3205 vitam,
726 3143 876 3190 cemcientt'oe
892 3142 942 3191 luit
952 3158 1055 3207 poeuam
1066 3146 1180 3209 sceleris,
1190 3146 1260 3210 quod

151 3222 273 3279 salutem,
283 3221 429 3284 imperium,
440 3220 534 3282 omnia,
546 3225 606 3282 post
620 3219 687 3268 inte·
727 3219 786 3280 ipsa
796 3225 943 3280 paraverat.
967 3220 1026 3269 Fuit
1035 3219 1187 3285 Agrippina
1199 3235 1261 3272 con-

153 3298 230 3346 ritum
239 3297 339 3345 matris.
726 3293 837 3342 scientie
847 3294 931 3356 parati
943 3295 1050 3344 sceleris
1059 3312 1066 3355 ;
1085 3297 1165 3359 igitur
1175 3305 1261 3348 eemet

180 3369 413 3432 tremutomatrts]
436 3369 524 3420 Simile
535 3368 596 3433 qnid
606 3369 687 3418 hebet
727 3370 899 3431 conscientie,
927 3385 978 3434 qua
1007 3378 1145 3433 paraverat
1166 3373 1260 3436 scelus,

151 3448 259 3499 Sueten.
272 3448 328 3496 Cal.
342 3451 382 3497 lo.
398 3449 406 3474 ⁴
420 3447 537 3494 cadaver
549 3446 607 3508 ejus
618 3446 685 3493 clem
725 3445 818 3493 'eadem
846 3452 874 3494 et
895 3446 1055 3495 conscientie
1077 3447 1210 3497 stimulate
1232 3455 1260 3498 et

151 3523 177 3572 ln
201 3525 292 3572 hortos
311 3523 448 3570 Lamianos
468 3526 638 3582 asportatum,
657 3527 685 3568 et
725 3521 868 3582 exagitate,
888 3520 937 3569 luit
960 3535 1060 3583 poenam
1083 3521 1187 3570 sceleris
1203 3521 1259 3572 sui:

152 3598 321 3647 tumultuario
333 3611 396 3660 rogo
408 3597 620 3660 semiambustum
631 3597 683 3645 levi
725 3603 753 3646 et
762 3598 799 3646 sic
812 3599 962 3660 relinquere
973 3598 1045 3646 Nero
1053 3597 1158 3646 videtur
1167 3599 1194 3646 in
1206 3613 1258 3648 em·

152 3675 252 3739 cespite
259 3673 380 3722 obrutum
393 3680 449 3721 est:
469 3681 561 3735 postea
584 3687 631 3734 per
644 3687 683 3722 so·
723 3670 812 3734 bigne,
824 3686 855 3719 an
874 3679 958 3720 semet
969 3671 1095 3720 occiderit
1107 3672 1261 3737 Agrippino,

152 3764 223 3800 rores
235 3750 269 3799 ab
287 3750 367 3799 exilio
379 3762 494 3798 reversas
506 3754 618 3808 erutum,
629 3762 684 3796 cre·
724 3761 757 3794 en
769 3746 801 3795 ab
818 3747 874 3796 ullis
891 3748 977 3796 occisa
993 3747 1037 3796 sit.
1065 3747 1160 3812 Sicque
1178 3748 1259 3799 tacite

151 3834 259 3888 matam,
269 3824 471 3889 sepultumque.'
723 3824 825 3874 derivat
842 3840 896 3874 use
908 3826 1016 3875 crimen.

172 3896 344 3966 '¹Neapolim]
382 3901 516 3964 Neapolis,
533 3901 592 3950 urbs
608 3900 683 3948 Cam·
756 3903 847 3950 Eodem
855 3901 1007 3964 commertia]
1032 3901 1070 3950 Ut
1082 3902 1149 3950 mela
1160 3905 1258 3962 mente,

153 3978 235 4038 panias
248 3977 681 4041 provinciaeadmare‘lyrrbenurn:
724 3983 753 4026 et
771 3977 900 4040 pravitate
922 3978 1019 4042 ingenii
1044 3977 1125 4026 incita
1142 3975 1258 4040 t‘oemine,

151 4053 227 4103 bodie
249 4055 339 4118 Nepoti
362 4054 445 4113 ltalis,
458 4060 485 4101 et
505 4054 595 4115 Naplee
605 4054 684 4102 Fran·
720 4053 807 4102 scetus
820 4069 881 4103 ausa
892 4061 950 4102 erat
959 4069 966 4113 ;
976 4055 1013 4103 sic
1023 4061 1049 4102 et
1062 4053 1151 4101 eadem
1163 4059 1259 4116 mente,

151 4128 374 4190 cis,nrbsl'errae
383 4130 498 4190 Labor-is,
516 4137 543 4177 et
562 4129 684 4192 primarie
723 4128 868 4193 eademque
876 4129 1026 4178 stimulante
1036 4127 1200 4190 conscientie,
1208 4127 1258 4179 sibl

153 4205 226 4268 regni
236 4204 421 4270 Neapolitani:
432 4213 507 4269 peret
516 4204 583 4270 Regi
591 4203 684 4255 Catho-
724 4211 833 4255 mortem
842 4205 1014 4269 consciverat,
1023 4210 1070 4255 eut
1081 4204 1175 4258 luerat.
1207 4206 1259 4257 Eo·
