2984 4850
247 403 335 473 1876
591 421 829 470 ucunnnnnu
852 421 980 469 rnorrr
1089 445 1096 450 -
1185 425 1232 491 [a
1243 428 1346 480 nuru.

247 571 555 649 meremur,1quam
575 561 667 628 dum3
689 563 896 628 offendimus.
942 561 1109 642 Quaedam
1123 563 1224 630 immo
1246 565 1349 630 virtu-

247 673 297 738 tes
322 666 399 732 adiu
420 671 522 743 sunt,¹
542 665 700 730 severitas
722 666 900 743 obstinata,
915 665 1060 729 inuictus
1085 666 1262 732 adversum
1276 686 1348 748 gra,-

246 768 328 832 iiam
342 768 485 830 animus.
528 764 611 830 Inde
625 767 719 832 initia
734 766 989 850 Magistratuum
1009 771 1195 831 nostrornm
1208 768 1350 832 melina

247 869 360 944 ferme,
387 873 421 932 et
445 867 521 931 finis
539 867 711 945 inclinat?
742 868 833 948 dum,
856 868 900 938 in,
919 855 1056 932 modum
1079 868 1344 944 candidatorum,

247 1077 313 1116 tuas.
345 1065 499 1118 Quinetiam·
515 1065 645 1115 nonnullae
660 1066 773 1116 virtutes
791 1065 877 1115 odiurn
897 1065 1012 1128 pariunt,
1023 1065 1091 1115 reati
1107 1063 1256 1128 pervicacia
1275 1063 1351 1112 etiu-

249 1129 334 1179 fruets
343 1144 415 1178 ruens
426 1129 550 1180 adversus
559 1127 683 1180 favorem.
717 1131 788 1180 Hine
797 1129 927 1194 principia
937 1143 1071 1179 munerum
1081 1136 1228 1178 austrorum
1238 1128 1352 1191 justiora

247 1193 312 1257 fere,
322 1199 349 1243 et
359 1195 445 1244 exitus
454 1208 470 1242 s
480 1199 554 1244 recto
566 1192 692 1257 deflectit,
702 1193 765 1243 dum
783 1194 817 1243 ad
836 1195 920 1244 instar
931 1193 1127 1244 candidatorum
1136 1194 1243 1254 gratian
1253 1197 1279 1240 et
1298 1189 1351 1240 sus·

709 1332 887 1353 newenton

190 1443 194 1452 '
245 1448 613 1514 atsur,utrulebatAeidalius.
647 1448 685 1500 At
700 1463 752 1500 uun
764 1455 867 1512 peccat,
877 1448 1037 1498 cohibeantur.
1069 1443 1352 1498 Brutier.-51taedi·

746 1577 854 1628 NorAE

246 1690 297 1740 lice
312 1691 423 1752 laudati,
435 1691 497 1740 alias
515 1691 672 1755 prouincias,
695 1696 723 1741 et
734 1705 778 1740 ex·
819 1693 913 1756 quique
925 1691 1043 1741 sciebant
1052 1689 1139 1740 multis
1148 1703 1192 1738 eas
1200 1687 1351 1752 displicere,

247 1765 420 1815 traurdiuaria
445 1765 562 1814 obtinere
586 1765 695 1828 imperia
714 1780 779 1816 mox
818 1783 881 1832 quas
901 1773 988 1816 tarnen
1010 1765 1084 1828 fidei,
1101 1763 1241 1827 religionis,
1262 1763 1353 1813 existi·

247 1847 364 1908 possent.
520 1890 522 1896 ,
656 1850 670 1864 ’
817 1833 937 1892 mationis'
956 1848 985 1891 et
1005 1840 1142 1904 diguitatis
1163 1852 1225 1902 ergo
1243 1853 1352 1888 exerce·

281 1916 317 1965 Et
337 1917 405 1966 forte
427 1917 586 1966 ambitiosius
608 1918 672 1968 talis
690 1925 779 1983 capta·
818 1917 890 1968 baut.
924 1917 1067 1966 Gronovius.

246 1991 319 2051 baut,
330 2005 380 2054 quu
390 1992 530 2054 majoribus
539 1989 643 2055 flagitiis
652 2000 779 2043 vexarunt
850 1992 976 2040 Attamen
994 1991 1021 2040 id
1032 1991 1176 2054 agiturboe
1187 1992 1257 2052 locu,
1275 2005 1308 2038 an
1319 1991 1354 2040 le·

246 2065 424 2127 provinciam
444 2067 504 2129 qnia
532 2064 601 2115 forte
624 2067 661 2116 sic
678 2068 779 2117 laudati
818 2069 873 2133 gati
891 2069 1073 2117 demereantur
1096 2067 1190 2128 socios,
1216 2081 1249 2114 au
1272 2065 1352 2116 uffen-

245 2140 359 2204 publiee,
374 2142 595 2202 posteeaccusari
614 2149 778 2205 patraturum
818 2144 891 2194 daut.
924 2144 1002 2193 Certe
1013 2143 1117 2206 quidam
1128 2147 1253 2190 exerrent
1269 2142 1351 2191 uirtu-
1443 2200 1446 2210 Ι

246 2214 381 2266 eriminum
391 2231 443 2264 uun
452 2223 593 2279 potuerunt
613 2217 777 2268 infuturum.
818 2224 869 2280 tes,
880 2233 938 2282 quae
951 2217 1011 2266 udin
1028 2223 1088 2266 suut
1099 2223 1127 2264 et
1138 2215 1289 2276 offenduut3
1304 2215 1352 2265 sed

280 2291 348 2340 Num
367 2306 418 2355 quo
437 2293 498 2355 jure
518 2301 564 2342 ant
585 2308 636 2357 qno
659 2295 778 2357 exemplo
819 2292 861 2342 alii
870 2295 960 2357 magis,
972 2293 1016 2342 alii
1034 2293 1118 2341 minus
1133 2293 1233 2353 stricte,
1243 2297 1273 2340 et
1290 2291 1351 2341 boui

247 2367 402 2437 accusarent
420 2367 493 2430 socii,
522 2382 596 2432 quem
619 2368 645 2417 iu
666 2369 778 2419 coneilio
818 2370 898 2418 etiam
915 2368 985 2419 sorte
1003 2368 1113 2417 mediam
1126 2367 1352 2431 viamiugrediuu·

246 2441 417 2507 publicosuu,
429 2451 456 2493 et
472 2458 536 2513 voce
555 2445 658 2508 publica
673 2460 721 2509 per
740 2460 778 2509 se,
819 2451 871 2507 tur,
893 2445 1046 2510 quaudoque
1069 2444 1148 2492 etiam
1167 2442 1264 2492 diversi
1285 2458 1301 2491 a
1322 2458 1351 2492 se

245 2519 306 2571 dein
325 2526 353 2569 et
376 2535 424 2583 per
442 2522 543 2585 legatos
567 2537 626 2571 suus
657 2524 684 2571 in
706 2524 780 2573 curia
818 2521 896 2583 ipsis;
924 2522 1000 2571 initio
1029 2522 1226 2585 magistratuum
1251 2518 1352 2582 fortes,

245 2597 331 2661 palam
344 2595 494 2645 laudassent
506 2598 575 2659 apud
590 2600 694 2661 patres?
818 2597 927 2659 strenui,
944 2597 1037 2657 severi,
1048 2603 1076 2645 et
1090 2596 1145 2645 deis
1158 2596 1221 2660 finis
1241 2596 1353 2657 taedam,

277 2669 372 2717 amu
397 2670 552 2731 demeremur]
584 2672 653 2725 Dum
685 2672 776 2722 animis
816 2678 847 2720 ut
856 2672 894 2721 ait
905 2672 1024 2734 Tacitus,
1034 2687 1105 2735 saepe
1126 2678 1157 2721 ut
1169 2672 1353 2725 demereantur

246 2743 375 2792 sociorum
391 2743 432 2791 vel
452 2744 546 2793 rivium
569 2760 690 2810 strepere
702 2764 778 2797 cona·
817 2748 926 2809 populos
937 2761 1013 2797 causa
1024 2748 1191 2811 suaprivata.

245 2819 384 2881 muudum
401 2819 474 2868 uobis
489 2823 654 2871 conciliamus
666 2823 778 2873 benevo·
853 2821 971 2884 Virtutes]
1003 2822 1079 2885 Saepe
1107 2822 1189 2885 magu
1215 2820 1353 2873 offendunt

245 2895 641 2959 lentiamprovincialium,plura
653 2898 779 2963 delinqui·
816 2897 937 2957 uirtutes,
958 2904 985 2947 et
1002 2897 1084 2960 magis
1105 2896 1166 2945 udin
1185 2903 1256 2957 suut,
1273 2912 1352 2961 quam

245 2984 312 3044 mus,
321 2984 398 3035 qnam
408 2984 466 3020 cunr
477 2970 533 3020 iilos
542 2970 702 3031 offendimus.
815 2972 873 3038 ipsa
884 2973 947 3022 vitia
954 2974 1151 3035 magistratuum
1161 2989 1170 3033 ;
1195 2980 1224 3022 at
1235 2974 1297 3023 dum
1308 2974 1352 3025 du-

248 3100 251 3107 ,
276 3044 357 3095 Plura
374 3053 524 3109 peccantur,
541 3062 634 3111 nempe
653 3049 776 3099 adversus
816 3064 944 3101 meremur
958 3054 1052 3113 socios,
1063 3052 1239 3101 illasvirtutes
1250 3052 1350 3102 omitti-

244 3121 452 3183 Rempublieam,
472 3122 532 3171 dum
544 3124 696 3186 arrepimus,
715 3124 776 3174 dum
817 3140 883 3188 mus,
897 3126 957 3175 binc
972 3128 1049 3189 plura
1065 3132 1209 3188 peccantur
1217 3125 1351 3176 demeren-

246 3194 379 3243 adulamur
399 3196 778 3261 sociis,quarucumseverita·
817 3200 861 3251 do.
893 3202 944 3251 Sed
957 3198 1185 3262 dumuffendimus,
1195 3200 1280 3250 minus
1291 3216 1352 3264 pec·

246 3277 299 3343 tem
321 3270 480 3331 exhibemus,
506 3286 582 3335 quarn
605 3272 665 3321 dum
685 3289 777 3323 munus
816 3290 915 3338 eamus,
927 3276 987 3338 quia
997 3281 1051 3324 tum
1062 3289 1156 3338 nempe
1165 3275 1276 3338 virtutes
1286 3274 1351 3327 licet

245 3346 296 3395 tite
314 3352 342 3394 et
350 3344 440 3393 ordine
456 3348 617 3408 exequimur.
818 3342 919 3399 udiosas
928 3350 999 3413 plebi
1020 3350 1159 3413 sequimur.
1192 3349 1220 3397 Si
1239 3349 1298 3412 quis
1308 3349 1352 3398 de·

205 3459 212 3471 .
276 3428 286 3453 ²
306 3420 413 3469 Virtutes
429 3421 481 3469 edio
492 3420 557 3482 suut]
576 3422 659 3485 Vulgo
671 3438 774 3487 nempe,
816 3425 1085 3489 flectitaseveritate‚
1094 3425 1243 3473 demeretur
1254 3425 1352 3473 animur

246 3496 289 3561 qui
301 3509 344 3545 eas
355 3504 486 3557 gravatur.
520 3496 623 3558 Lipsius.
816 3501 943 3549 sociorum
963 3505 992 3548 et
1009 3498 1058 3547 sibi
1078 3498 1210 3560 conciliat,
1228 3498 1276 3547 sed
1294 3505 1350 3547 tum

278 3574 393 3628 Quedum
403 3573 473 3621 inemo
483 3573 641 3622 uirtutesudiu
650 3576 716 3639 suut]
732 3574 776 3623 Au
817 3577 892 3640 plura
903 3581 996 3638 peccat
1004 3575 1031 3623 in
1039 3574 1170 3636 Rempub.

243 3648 455 3718 magistratibus?
471 3650 515 3712 qui
536 3648 600 3697 nihil
621 3650 689 3697 aliud
711 3665 776 3711 prae·
852 3650 878 3699 Si
890 3651 946 3715 quis
957 3650 1023 3699 recti
1034 3650 1166 3712 pervicax
1185 3648 1350 3698 etiuviutum

244 3724 323 3788 cipue
343 3724 461 3784 student,
477 3724 525 3773 nisi
548 3732 577 3773 nt
599 3726 701 3788 populis
722 3727 776 3789 pla·
818 3724 940 3774 adversus
951 3725 1061 3787 gratiam
1073 3724 1186 3773 animum
1197 3729 1351 3773 constanter

243 3805 333 3867 aeaut,
345 3814 395 3863 quo
411 3800 523 3849 vicissim
534 3816 549 3850 u
560 3802 777 3863 populislauden-
817 3799 935 3862 prefert,
957 3807 1012 3849 turn
1032 3796 1143 3852 offendit
1169 3798 1279 3858 animos,
1290 3796 1350 3861 ¹sed

182 3866 185 3879 ’
244 3875 306 3925 turi
339 3874 432 3925 Potius
459 3876 627 3939 interpretor,
653 3876 776 3939 quasdam
817 3883 873 3926 tum
884 3890 969 3940 neque
984 3877 1011 3924 in
1023 3877 1108 3925 socius
1127 3890 1212 3939 neque
1228 3877 1256 3924 iu
1273 3877 1351 3926 Rem·

246 3952 354 4001 uirtutes
382 3952 505 4015 subjectis
527 3952 586 3999 odio
604 3966 668 4011 esse,
686 3966 742 4015 quae
761 3967 777 3999 a
817 3952 1051 4015 pub.peecat,aut
1069 3953 1162 4001 saltem
1175 3951 1349 4015 lougeminus

213 4049 215 4059 ¹
243 4026 445 4091 magistratibus,
466 4041 499 4075 ne
523 4027 626 4089 populis
654 4026 775 4090 displice·
816 4025 953 4089 delinquit,
974 4039 1050 4089 quam
1066 4040 1225 4095 enrnaururn
1243 4026 1352 4089 popula·

244 4090 312 4165 rent,
325 4118 375 4152 non
395 4100 594 4152 exercebantur.
627 4102 742 4149 Piciena.
816 4116 870 4150 rem
883 4115 930 4163 per
940 4100 1105 4150 ambitionem
1113 4106 1268 4163 aucupatur.

261 4181 349 4245 ¹Bene
361 4178 494 4228 Picbeua:
511 4178 587 4227 modo
607 4176 693 4225 deleas
703 4176 732 4225 rb
746 4192 776 4226 ae
848 4178 948 4241 §Finis
975 4178 1087 4241 meliust]
1118 4176 1199 4240 Initia
1218 4168 1351 4240 magistra·

176 4250 181 4258 “
243 4255 336 4321 pupulis
360 4254 520 4327 displicerent.
565 4252 647 4303 Immo
682 4250 776 4317 optimi
816 4250 1017 4304 tuum'meliurs
1035 4259 1105 4317 suut,
1122 4252 1183 4318 quia
1201 4251 1348 4310 seueriora3
