2984 4850
164 393 303 458 scca]
513 383 718 436 auuauruu
742 386 817 434 nis.
840 387 921 436 xre.
1180 371 1268 438 18oe

163 539 275 598 umen
288 531 409 615 primo,
423 529 532 595 civilis
545 528 698 594 discidii⁷
714 531 826 614 specie
837 530 860 594 :‘¹
882 529 1083 613 domumque
1098 530 1210 610 Burri,
1220 537 1265 598 'et

163 633 305 717 praediu8
321 629 619 708 praeuenturus
638 629 739 706 dona,
754 633 886 714 accipit.
931 631 1018 696 Mox
1036 633 1072 693 in
1085 629 1265 713 Campania

163 729 348 818 amfpulsa
360 741 422 812 est,
438 733 552 798 addita
573 734 705 797 militari
729 726 889 798 cusmdia.
934 733 1017 796 Inde
1041 732 1147 795 crebri
1167 751 1265 815 ques·

161 842 227 914 ωε,
257 855 319 898 nec
341 835 466 899 occulti
491 853 549 915 per
570 834 727 914 vulgum3
751 836 805 897 cui
829 837 934 899 minor
953 834 1129 916 sapientia,
1152 840 1197 911 et,
1219 854 1264 901 cx

152 935 391 1007 ·rnediocritate
404 936 557 1012 fortunae,
573 936 736 1016 pauciora
756 936 908 1016 pericula
937 942 1023 999 suat.
1067 934 1136 997 His
1157 933 1282 1011 Neroi*

159 1039 456 1126 haudquaquam
469 1036 664 1118 poenitentia
676 1036 809 1118 fiagitii,
825 1038 999 1120 conjugem
1010 1035 1179 1101 revocavit
1193 1035 1262 1100 Oc-

161 1140 297 1205 taviam.

158 1273 290 1336 danturque
310 1272 356 1334 ipsi
364 1273 427 1321 ades
436 1271 539 1333 Burrlii,
549 1275 571 1320 el
582 1271 647 1319 cilia
655 1271 749 1331 Plauti,
760 1272 908 1334 inauspicata
919 1285 1024 1320 munau.
1058 1270 1144 1316 Postea
1153 1267 1179 1316 in
1193 1269 1263 1316 Cant·

153 1337 252 1398 panum
268 1341 347 1384 amota
365 1341 410 1398 est,
420 1339 525 1400 opposito
541 1336 641 1384 militari
656 1335 777 1398 prasidio.
812 1336 879 1383 Hine
895 1335 1033 1397 frequentes
1044 1333 1262 1396 queamsioesnec

156 1405 253 1448 scaete
263 1415 306 1462 per
313 1401 467 1464 plebeculam,
478 1401 517 1449 cui
528 1401 605 1448 minus
611 1400 755 1462 pauentia,
762 1403 786 1447 et
793 1415 824 1448 ex
833 1397 1168 1459 tmauaofatonoeminara
1178 1395 1264 1444 dioeri-

158 1467 224 1514 mt'ao
234 1469 298 1515 mat.
331 1464 381 1514 His
393 1472 477 1513 motus
490 1465 565 1526 Nera,
574 1479 619 1512 noo
629 1463 722 1512 sceleris
729 1464 881 1526 penitentia,
889 1479 987 1512 morem
1000 1462 1125 1512 Octaviam
1134 1461 1240 1510 reduxit.

620 1589 798 1609 onmaemn

154 1671 209 1722 Hs.
217 1671 384 1746 Flor.diaeidii
396 1671 558 1748 Lipsius-78
569 1673 603 1722 Et
610 1673 682 1721 abest
690 1675 763 1722 aMs.
769 1674 837 1723 Flor.
860 1673 893 1722 ln
900 1672 1014 1746 editione
1024 1669 1261 1734 principc,praedia·

155 1737 390 1862 tltillmlil
401 1733 1260 1863 ltudldtluutctdfi·rituttoltllf‘ul

155 1869 284 1926 imaum:
301 1863 326 1911 ia
344 1864 459 1920 margine
476 1863 527 1912 Ms.
541 1865 616 1912 Bodl.
627 1865 831 1927 haudquaquam
847 1878 926 1927 supra
936 1877 1083 1926 quanquam
1113 1862 1261 1922 Qunam

154 1929 254 1990 legitur
266 1943 369 1991 quoque
378 1929 403 1976 in
416 1929 468 1976 Ma.
481 1929 560 1978 Cori).
570 1935 598 1976 et
614 1928 727 1978 editione
739 1929 867 1991 principe.
901 1928 1060 1976 Puteolanus
1071 1932 1163 1973 mento
1172 1937 1261 1972 enen·

156 1993 239 2052 (lavit,
250 1991 314 2040 law
324 2007 447 2054 quaquam.
483 1993 594 2040 Restitui
607 2006 639 2040 ex
652 1993 715 2042 Mss.
725 1993 776 2042 Hir
786 1999 862 2041 motus
873 1993 947 2053 Nero,
958 1991 1023 2039 laad
1033 2004 1157 2052 coequari.
1173 1989 1260 2036 Antea

155 2056 266 2104 inlibris
278 2056 492 2117 contutatum
501 2072 618 2118 quoquam
634 2059 700 2106 Noa
713 2057 864 2120 paenitentia,
873 2058 912 2119 ξι.
945 2049 997 2103 Sed
1017 2055 1044 2102 id
1063 2051 1260 2102 maolumtrae·

156 2127 274 2184 tumque,
282 2135 331 2169 uec
343 2121 398 2168 sine
409 2120 481 2169 libris
492 2121 691 2182 restituendum,
698 2121 755 2184 jam
767 2121 869 2170 viderat
880 2121 992 2184 Lipsius.
1010 2118 1118 2167 Brotier.
1154 2116 1258 2178 Mutila,

153 2182 255 2234 fracta:
273 2190 301 2233 et
314 2186 339 2233 in
353 2185 445 2248 quibus
461 2186 630 2234 restituendis
649 2186 703 2234 siue
723 2185 796 2235 libris
813 2185 911 2234 frustra
931 2183 1080 2232 allaborem.
1113 2181 1146 2231 ln
1167 2181 1258 2231 eaden

152 2262 232 2310 noxa,
243 2250 385 2311 sequeutia.
419 2249 450 2297 ln
468 2248 600 2312 Agricolae
620 2256 706 2298 tamen
724 2251 815 2300 codice
832 2255 965 2299 nataturo:
984 2247 1035 2297 Hie
1050 2251 1127 2296 notu
1138 2247 1211 2308 Nero,
1226 2259 1259 2293 aa

151 2312 409 2376 paenitentiastagilii:
425 2313 471 2362 sed
484 2313 595 2376 ingenio,
606 2321 635 2363 ut
646 2315 748 2376 opinor,
757 2309 835 2363 docel
849 2315 953 2376 Lipsiae
987 2314 1047 2362 Hoc
1058 2320 1144 2361 tamen
1155 2308 1259 2372 recepit

153 2377 278 2441 Ryckius.
312 2378 395 2427 Motae
406 2379 472 2427 Nero
483 2393 545 2427 sanc
565 2379 644 2427 etiam
656 2380 720 2430 Mes.
733 2379 820 2429 Oxou.
833 2377 923 2427 Guelf.
940 2382 1032 2441 estque
1055 2376 1152 2425 usitata
1165 2373 1257 2422 Tacito

650 2514 757 2567 NOTAE

184 2626 196 2661 ‘¹
215 2628 301 2677 cicius
318 2628 411 2677 dissidii
422 2628 510 2693 specie]
529 2628 560 2678 ld
581 2634 632 2693 est,
648 2628 689 2678 di··
726 2629 821 2679 multas
844 2643 906 2693 opes
924 2623 1005 2678 Drusi
1028 2626 1118 2691 patris,
1133 2631 1163 2675 et
1178 2624 1265 2675 etiam·

151 2702 239 2754 vortii.
255 2704 361 2766 Lipsius.
725 2704 814 2754 fratris
823 2705 920 2754 Tiberii
932 2704 1054 2766 Gemelli,
1064 2716 1141 2767 quern
1160 2700 1259 2752 occidit

185 2779 284 2841 Gallis]
301 2780 383 2830 Quasi
400 2780 513 2829 Neronis
530 2780 617 2831 odium
633 2796 684 2831 uon
726 2782 843 2845 Caligula
853 2799 861 2842 ;
872 2797 930 2845 quae
942 2780 1011 2830 forte
1022 2781 1148 2844 pleraque
1159 2776 1259 2842 praedia

150 2854 275 2905 infestum
291 2862 319 2904 et
330 2856 441 2918 capitale
453 2864 532 2920 esset,
551 2858 596 2907 sed
613 2857 684 2907 civili
724 2856 913 2907 erantfamiliae
929 2857 1090 2921 principalia,
1100 2856 1190 2919 sicque
1207 2854 1257 2903 im·

152 2933 225 2980 mare
246 2930 332 2979 abiret
354 2946 433 2992 uxor,
450 2946 507 2981 eam
529 2932 556 2981 in
575 2933 683 2981 civitate
724 2933 801 2997 perii,
813 2940 841 2983 et
859 2933 941 2984 veluti
960 2932 1065 2996 piiblica
1084 2936 1179 2980 erarii:
1196 2942 1257 2992 qun

152 3020 256 3056 manere
276 3006 378 3069 sinunt,
393 3008 465 3070 qiiasi
486 3023 535 3057 non
559 3008 684 3058 duratura
723 3010 811 3072 rapuit
821 3023 853 3059 eo
860 3010 920 3071 jure
933 3008 1012 3056 Nero.

150 3081 212 3129 odia
224 3082 531 3147 Neronisessent‚usque
543 3083 683 3133 odcaedem
756 3082 800 3133 Sic
820 3082 899 3145 forte,
918 3081 1036 3143 spoliatis
1055 3077 1257 3139 liberisPlauti,

151 3154 281 3219 Octavia,
292 3158 366 3219 cujus
374 3158 470 3221 nuptiis
482 3160 592 3222 adeptus
603 3162 682 3224 impe·
724 3160 780 3208 htec
789 3158 822 3207 ad
834 3160 964 3208 Caesarem
975 3157 1115 3219 redierant,
1122 3168 1170 3204 uec
1181 3161 1255 3203 certe

149 3230 215 3280 rium
227 3230 329 3281 fuerat:
348 3235 393 3281 sed
411 3235 437 3281 in
454 3234 526 3283 eaede
538 3235 684 3284 Britannici
724 3233 884 3285 colraeredein
907 3234 1041 3282 Neronem
1064 3231 1151 3280 liberis
1173 3236 1261 3281 testa»

149 3307 291 3371 nuntiisque
310 3308 438 3371 tyrocinia
457 3310 619 3359 crudelitatis
639 3310 683 3359 de·
723 3316 814 3360 meato
825 3309 974 3374 reliquisset
983 3308 1086 3371 sapiens
1094 3307 1213 3368 Plautus,
1225 3314 1256 3356 et

149 3387 274 3445 posuerat
285 3383 365 3431 Nero.
723 3385 804 3434 bonus
814 3392 898 3448 pater.
933 3382 1039 3432 Pridcm
1052 3382 1166 3446 perierat
1175 3382 1256 3444 Jnlia,

180 3458 412 3523 Velcivilir,quasi
429 3474 522 3523 nempe
535 3461 681 3523 jurecivili
722 3466 806 3509 mater
817 3460 915 3520 Plauti,
932 3459 993 3508 dolo
1001 3458 1157 3507 Messallinae
1175 3457 1256 3507 inter·
1336 3469 1338 3471 ·

149 3536 177 3581 et
196 3532 295 3593 legibus
312 3534 493 3595 ageretNero,
512 3549 570 3583 cum
593 3542 680 3585 tamen
721 3534 802 3585 fecta.

150 3607 182 3656 ad
195 3608 246 3655 vim
258 3609 420 3671 principatus
432 3618 587 3673 recurreret,
607 3617 636 3659 ut
653 3612 679 3661 in
754 3612 842 3671 Forte,
852 3616 973 3672 tanquam
984 3607 1172 3657 damnatibona
1182 3608 1255 3657 inva-

149 3696 177 3731 re
189 3684 275 3746 palam
286 3683 380 3747 iniqua.
720 3696 791 3735 serat
800 3687 888 3746 Ner03
904 3684 973 3734 forte
984 3692 1013 3733 et
1023 3684 1119 3733 liberos
1130 3683 1253 3734 sustulit:

179 3765 191 3791 0
207 3759 306 3808 Praedt'a
317 3760 411 3824 Plauti]
428 3760 469 3811 An
481 3760 568 3811 ablata
581 3762 679 3826 praedia
720 3762 781 3827 quia
792 3762 861 3826 puris
873 3760 1025 3823 nobilitatis,
1045 3759 1188 3822 suspectari
1207 3758 1262 3807 etl-¹

148 3834 222 3888 uxori
233 3842 260 3883 et
272 3835 359 3883 liberis
371 3836 476 3885 Plauti?
493 3836 538 3885 sed
556 3837 613 3900 ipse
628 3851 678 3885 non
719 3838 770 3886 huc
782 3844 914 3901 poterant,
924 3836 965 3885 vel
981 3841 1053 3885 certe
1065 3835 1097 3883 ad
1109 3838 1252 3898 egestatem

146 3908 294 3971 damnatus,
307 3911 352 3959 sed
372 3917 473 3961 tantum
491 3920 583 3962 senatu
595 3919 679 3962 nictus
720 3913 831 3975 redegit.

148 3994 234 4053 est,et
253 3998 313 4053 post
332 3998 449 4039 mortem.
483 3992 701 4055 Curigiturau-'
752 3984 762 4020 t
777 3986 1070 4059 Campaniaauabar,
1085 3999 1109 4034 c.
1130 3988 1153 4033 l.
1181 3980 1252 4030 tile·

147 4062 270 4113 feruntur
281 4064 364 4113 bona?
382 4080 414 4113 an
427 4065 516 4114 debuit
528 4066 590 4115 illud
602 4067 678 4113 silere
718 4067 819 4115 maius.
949 4083 954 4093 ’
1208 4067 1211 4071 ⁴

147 4138 255 4191 Tacitus
267 4142 293 4189 in
305 4155 332 4188 re
342 4142 409 4189 tanti
420 4139 560 4189 monicali?
750 4149 764 4183 t
780 4142 830 4190 Hie
841 4142 905 4190 Nero
916 4133 1106 4199 lauaqcaquaa]
1123 4130 1172 4182 His
1192 4132 1258 4182 scil.-

179 4218 260 4279 Puto‚
280 4216 352 4269 lulla
372 4220 456 4267 mater
476 4216 566 4269 Plauti
587 4217 679 4269 habuit
718 4218 789 4285 vulgi
797 4217 931 4282 questibus
949 4207 1257 4276 nunccupantem·
