2984 4850
112 404 301 487 :s'sscsssm't
338 437 340 442 ·
374 432 398 442 ··
507 393 909 467 tennemonnrsaxv.
1077 429 1081 434 ·
1162 401 1251 466 1918

127 555 333 654 assisteret:
357 554 533 642 tantusque
553 559 596 621 ei¹
621 557 755 634 Rornae,
781 563 924 645 quantus
940 553 1169 634 Consulibus,k
1188 558 1248 622 lto-

143 683 203 726 nor
232 662 346 726 esset?
391 661 527 728 Scilicet
552 655 707 723 externae¹
733 659 898 740 superbiae
914 664 1018 721 -sueto
1041 677 1107 720 non
1129 659 1248 722 inerat²

143 744 260 828 'notitia
275 750 379 828 nostri
393 762 425 827 :¹⁶
448 761 537 846 apud
553 779 637 844 quos
653 759 717 850 vis³
744 759 883 840 Imperii
898 760 999 836 valet,
1014 760 1127 848 inania
1141 765 1246 822 uano

143 866 339 931 mittuntur.¹¹

142 1060 179 1109 illi
191 1059 272 1108 decus
284 1065 355 1108 esset
367 1060 392 1108 in
405 1060 479 1118 urbe,
493 1065 617 1124 quantum
629 1059 786 1109 consulibus.
819 1060 911 1122 Nesope
920 1062 1020 1107 extem
1031 1057 1099 1115 sade
1108 1055 1247 1117 insulsitas,

141 1126 309 1240 marm
327 1127 426 1186 &som
437 1125 506 1183 scit:
522 1126 585 1187 opud
605 1138 663 1186 quor
679 1124 716 1171 cis
732 1123 900 1172 dommiosir
915 1123 1048 1186 prepollet,
1068 1135 1129 1168 soso
1148 1124 1247 1168 rosta·

605 1297 783 1318 tomeun

121 1405 123 1413 ·
173 1381 249 1430 rste
260 1382 325 1431 Mes.
337 1383 406 1432 Flor.
417 1383 484 1444 Reg.
496 1381 573 1431 Corb.
586 1381 666 1431 editio
679 1381 803 1445 princeps
815 1387 843 1429 et
854 1380 1021 1429 recentiores.
1057 1376 1155 1426 Abies.
1168 1376 1245 1426 Harl.

142 1445 284 1495 noctuas.
301 1454 329 1495 et
347 1448 490 1495 Puteolano
507 1446 591 1506 abest,
610 1449 690 1495 erl—2
707 1447 750 1494 Ita
765 1447 829 1493 Mss.
848 1445 918 1492 Flor.
932 1445 997 1507 lteg.
1014 1443 1088 1492 Harl.
1099 1440 1175 1490 Bodl.
1187 1441 1244 1490 Jes.
1284 1467 1287 1473 ‚

136 1509 228 1558 Guelf.
240 1510 320 1558 editio
332 1511 453 1574 princeps
464 1518 492 1560 et
508 1510 674 1559 recentiores.
709 1511 740 1558 in
758 1511 809 1558 Ms.
827 1508 906 1557 Corb.
921 1517 949 1557 et
969 1509 1134 1565 Puteolanus,
1150 1511 1244 1553 criu.-

140 1577 157 1621 3
172 1574 216 1622 ita
234 1575 299 1623 Mss.
311 1576 381 1623 Flor.
393 1574 458 1638 Agr.
477 1575 590 1639 Ryckiur
608 1582 636 1622 ot
649 1574 816 1622 recentiores.
849 1573 934 1635 Volgo
949 1573 976 1620 in
988 1572 1053 1620 Mss.
1068 1578 1096 1620 et
1115 1568 1245 1618 veteribus

141 1636 309 1700 editionibus,
320 1639 372 1698 jus.
405 1639 486 1688 Facili
507 1639 667 1688 librariorum
689 1652 787 1697 errore,
805 1651 872 1687 unos
888 1637 957 1686 enim
975 1650 1006 1687 ac
1026 1634 1096 1684 idern
1112 1634 1244 1683 literatum
1331 1691 1335 1696 .

141 1700 244 1772 ductus,
257 1711 284 1751 ut
296 1709 390 1751 norunt
401 1704 490 1754 barrum
502 1718 587 1752 return
600 1702 687 1766 periti.
705 1702 814 1752 Brotier.
891 1717 896 1725 ·

639 1845 748 1920 nonu

139 1958 208 2008 nitas
227 1958 335 2009 introire
355 1963 516 2025 permiserit:
543 1963 580 2014 ita
601 1969 630 2012 nt
650 1963 672 2011 ei
713 1960 822 2011 obiisset
841 1960 930 2008 Romae
951 1957 1010 2006 Rex
1029 1962 1161 2006 externos.
1193 1954 1244 2003 Sed

139 2030 268 2098 quispiam
278 2034 358 2086 fuerit
375 2038 516 2086 insolenter
534 2038 672 2101 ingressus,
712 2037 763 2100 ipsi
775 2037 825 2097 via,
837 2042 865 2085 et
876 2035 953 2083 etiam
965 2034 1023 2081 loeo
1040 2031 1138 2080 cedere
1147 2029 1244 2078 debue-

138 2115 185 2158 aot
211 2111 337 2172 caedatur,
366 2120 412 2162 aut
434 2114 606 2176 propellatur,
626 2120 672 2163 aut
712 2121 783 2164 runt.
812 2117 892 2164 Forte
902 2113 988 2177 potnit
998 2111 1094 2160 babere
1107 2121 1244 2157 accensum

139 2185 226 2249 aliqua
237 2188 400 2236 verecundia·
414 2195 492 2253 atqite
503 2190 670 2240 existimatio·
712 2199 758 2240 aut
769 2192 874 2240 lictores
892 2188 1028 2254 quosdam,
1046 2187 1090 2251 qni
1109 2184 1244 2248 praeirent,

137 2260 177 2308 nis
189 2275 242 2310 suar
255 2263 312 2311 labe
321 2265 477 2313 mulctetur!
711 2273 740 2316 nt
757 2267 866 2328 consoli,
886 2273 922 2314 et·
933 2264 984 2313 alia
1003 2263 1105 2322 decora,
1120 2275 1178 2324 quae
1196 2274 1244 2323 pro

171 2338 249 2388 Quod
273 2341 397 2402 augendae
419 2341 542 2405 dignitati
565 2358 671 2408 usurpa·
711 2358 784 2392 more
795 2341 933 2392 deferebat
945 2340 1055 2403 populns
1067 2339 1196 2386 Romanus
1213 2335 1244 2383 iis

140 2417 194 2461 tum
205 2428 219 2462 a
232 2416 396 2478 praesidibus,
411 2417 448 2467 uti
460 2419 581 2482 privatim
592 2419 671 2484 aqui·
711 2434 776 2483 qnos
788 2426 901 2482 regeret
913 2416 1010 2466 etnicos
1020 2413 1186 2477 appellasset.

138 2487 245 2537 busdam
265 2505 313 2554 per
332 2493 481 2556 superbiam
500 2494 599 2545 Romte.
615 2495 672 2558 Lip·
744 2495 819 2543 Inter
833 2508 891 2558 qnae
902 2488 1164 2550 deeorafuernntea‚
1182 2501 1242 2551 qnae

136 2562 205 2612 tim
712 2576 802 2619 narret
811 2570 918 2619 Sallust.
926 2567 995 2615 But
1003 2566 1065 2627 Jug:
1075 2562 1243 2612 obideGau·

170 2638 256 2703 Igit'nr
270 2632 403 2691 inteislicti
421 2645 592 2707 provinciales
602 2660 671 2695 eom·
711 2645 745 2693 dn
756 2645 915 2694 Massinissa
933 2649 1046 2705 nepote:
1062 2639 1130 2688 §cni
1149 2639 1243 2687 Metel·

137 2716 215 2778 plexu
227 2718 384 2779 legatorum,
403 2734 497 2783 nempe
507 2722 601 2787 plebeii,
618 2736 670 2770 non
709 2724 750 2771 lus
770 2722 871 2787 petenti
889 2734 961 2770 more
982 2733 1081 2781 regum,
1101 2723 1131 2765 nt
1153 2715 1242 2765 sellam

134 2792 254 2845 dusares:
280 2795 349 2857 qood
373 2802 447 2857 patet
468 2810 501 2845 ex
520 2797 559 2845 bis
581 2797 668 2846 verbis
705 2798 786 2861 juxta
798 2802 917 2860 poneret,
929 2796 992 2844 item
1005 2801 1106 2856 postea,
1118 2790 1242 2841 custodia

137 2866 268 2915 salviani:
285 2870 293 2895 ‘
307 2876 352 2917 aut
370 2871 434 2932 ipso,
446 2874 494 2919 dec.
507 2870 670 2935 dignissim>
709 2888 797 2934 caiisa,
814 2881 923 2922 tonnam
933 2872 1049 2934 equitum
1062 2870 1135 2917 Rom.
1144 2874 1242 2916 utrum-

137 2943 394 3007 tratre-permiserit!
708 2964 760 3014 qne
770 2956 912 3012 negaverat
922 2948 1054 3005 bonorem,
1071 2944 1140 3007 quod
1152 2956 1242 2992 eorum

164 3015 343 3081 lProoisor'as]
365 3020 397 3070 ld
419 3036 512 3086 nempe
535 3028 619 3087 roget,
639 3031 670 3074 ut
708 3028 785 3075 modo
800 3026 878 3086 foret,
897 3037 960 3087 qnos
980 3022 1089 3085 populns
1109 3021 1183 3067 Rem.
1201 3032 1242 3067 res

136 3091 277 3143 honorilice
300 3109 348 3156 per
370 3099 518 3159 provincias
548 3101 670 3149 incedens
709 3118 755 3166 ges
776 3102 969 3165 appellavisset,
989 3095 1154 3161 presidium:
1173 3094 1241 3159 qnod

135 3167 321 3232 exciperetur3
337 3173 405 3235 qnod
417 3172 513 3225 iactum
533 3182 583 3238 est,
601 3186 669 3227 teste
710 3178 922 3229 contumeliosum
935 3175 1017 3223 ineos
1036 3172 1114 3234 foret,
1132 3170 1154 3218 si
1169 3171 1242 3234 equi·

136 3245 233 3308 Dione,
244 3258 324 3297 nxrrr.
335 3250 343 3276 ⁴
355 3250 473 3314 Eumque
484 3252 560 3301 urbes
572 3254 669 3317 magni·
709 3261 749 3305 tes
770 3255 845 3303 Rom.
864 3250 990 3301 satellites
1013 3247 1134 3299 Numidae
1154 3246 1242 3297 trade·

136 3318 186 3368 fiee
202 3328 312 3384 ornatae,
329 3337 359 3372 ac
379 3326 668 3389 populirnagnisloetis·
709 3328 817 3379 rentur!
1232 3354 1236 3361 ·

129 3408 187 3458 ‹quc
217 3397 446 3449 acclamationibus
481 3403 666 3465 excipiebant:
740 3403 892 3466 ¹Extersoe]
915 3402 1045 3464 intelligit
1066 3412 1142 3464 reges
1162 3403 1242 3448 ester-

135 3486 246 3535 qaaaque
255 3475 402 3522 necessaria
412 3483 497 3536 erant,
515 3480 598 3527 omnia
611 3480 669 3541 grass
708 3498 758 3541 nos,
769 3488 797 3531 et
809 3482 939 3544 praecipue
957 3478 1113 3536 orientales,
1129 3476 1173 3540 qni
1183 3474 1241 3525 fere

135 3546 169 3594 tis
186 3548 209 3595 ei
222 3549 431 3611 praestabantur!
464 3554 491 3601 Si
503 3552 529 3601 id
545 3554 667 3603 interdic·
707 3570 797 3605 omnes
808 3557 916 3603 hausere
926 3552 1024 3617 aliquid
1035 3566 1068 3599 ex
1080 3552 1142 3598 luxu
1152 3560 1242 3613 snper-

130 3626 190 3689 turn
202 3621 271 3671 foret
283 3625 346 3686 regi,
358 3626 444 3687 potius
456 3625 537 3676 fuerit
546 3642 666 3679 arcanum
707 3632 802 3695 biaqne
815 3632 914 3693 Regum
925 3630 985 3677 olim
997 3628 1143 3676 Persarum.
1171 3626 1240 3677 Nam

136 3695 329 3761 dominationis,
342 3697 410 3749 forte
430 3716 507 3765 qnam
525 3703 669 3766 majestatis
708 3708 735 3755 in
759 3708 864 3769 Europa
891 3704 980 3768 populi
1008 3696 1134 3765 ¹regesque
1155 3701 1241 3749 minus

137 3782 182 3823 aut
192 3775 371 3838 amplitudinis
383 3777 458 3827 ltorn.
475 3777 668 3829 documentum.
709 3782 817 3831 luxuriae
830 3779 1009 3843 superbiaeque
1020 3779 1110 3838 dediti,
1130 3777 1173 3841 qni
1184 3774 1240 3828 fere

166 3847 347 3915 '‘Consulibus]
371 3852 404 3899 id
423 3853 619 3916 intelligendum
637 3856 669 3903 de
709 3873 761 3907 non
772 3864 842 3907 artes
853 3856 975 3915 habuere,
994 3854 1086 3918 quibus
1097 3852 1240 3914 amenitas,

137 3932 269 3993 respectu,
288 3936 316 3977 et
333 3930 500 3979 veneratione
520 3930 605 3992 simili,
618 3944 669 3979 non
709 3935 905 3997 elegantia,aut
916 3933 991 3978 luxus
1002 3934 1157 3977 ostentatur.
1229 3962 1232 3967 .

135 3986 169 4074 de
181 4005 297 4069 omnibus
310 4006 413 4054 omnino
427 4006 574 4065 bonoribus.
608 4010 668 4059 Non
741 4010 793 4059 Sed
816 4016 906 4061 contra
926 4012 998 4061 certe
1018 4006 1094 4069 longe
1117 4001 1239 4070 fortiores

135 4081 202 4147 eninr
228 4080 368 4143 duodecim
393 4082 499 4133 lictores
518 4089 564 4133 ent
583 4082 668 4139 issoes
709 4071 899 4145 Orientalibus,
912 4089 945 4140 -ut
955 4076 1166 4140 manifestanda
1177 4076 1240 4125 Gal-

137 4157 320 4220 praecederent
341 4160 469 4223 regulum,
488 4166 518 4210 ut
536 4161 666 4210 consulem
707 4162 749 4223 lis,
770 4160 814 4225 qui
834 4157 924 4209 Asiam
944 4155 1081 4217 subegere,
1101 4153 1238 4215 Regesqae

27 4290 29 4297 ,
134 4233 225 4299 popul
237 4235 438 4300 limmnecalia
455 4235 667 4289 similirmunera
705 4237 777 4302 ipsos
788 4236 890 4288 eiceret
908 4236 984 4298 patet
999 4229 1037 4287 ‚de
1047 4226 1237 4282 Macedonibus
