2984 4850
136 439 276 514 scca]
494 443 699 494 sensurum
724 444 796 492 cru.
821 445 903 520 ffl-
1154 431 1244 499 1771

137 590 249 674 plnres
268 589 407 653 numero
422 589 483 653 tuti
493 595 518 669 3'
538 587 687 653 Thrasea
705 596 800 654 sueta
811 588 1008 654 firmitudine
1023 590 1135 670 animi,
1149 596 1182 654 et
1200 610 1242 655 ue

138 691 249 771 gloria
262 691 479 756 intercideret.

180 795 238 858 50.
261 793 364 857 Haud
391 793 517 876 dispari
547 794 683 857 crimine
714 793 909 857 Fabricius'
923 780 1077 857 Veiento¹
1106 793 1242 859 conflic-

52 893 56 902 ’
137 899 229 959 tatus
251 902 311 972 est,
336 894 462 978 ‘quod²
486 895 589 958 multa
614 900 648 958 et
677 897 841 977 probrosa
866 897 900 958 in
924 895 1041 960 Patres
1067 904 1100 959 et
1122 895 1241 959 Sacer·

136 994 250 1060 dotes¹
264 996 519 1079 composuisset,
545 995 587 1059 iis
602 995 707 1071 libris,
729 997 850 1078 quibus
875 1017 992 1060 nomen
1020 993 1242 1062 Codicillcrum

136 1095 319 1160 dederat!y
370 1095 561 1190 Adjiciebat
574 1097 705 1162 Talius³
722 1098 896 1176 Geminus,
911 1107 1104 1163 accusator:
1137 1103 1147 1132 ‘
1164 1119 1242 1162 ven·

135 1283 283 1339 omousi,
305 1279 431 1342 reliquere:
446 1295 510 1342 porc,
521 1293 550 1328 ne
564 1267 714 1328 trisemo
731 1279 865 1342 apamiae
879 1279 933 1328 odio
950 1280 1076 1339 emer,
1091 1277 1244 1342 pluressrcts'

134 1342 299 1401 multitudiue,
309 1344 412 1392 Thrasea
420 1345 490 1392 solito
500 1345 642 1404 coustantio,
653 1348 677 1392 et
688 1358 717 1392 ne
726 1347 797 1392 duas
804 1343 942 1402 osismus
952 1348 1079 1392 umutcrct

167 1406 295 1456 Fabricius
305 1407 400 1456 Veiento
406 1408 479 1456 simili
485 1408 631 1456 accusatione
636 1408 774 1469 motas
779 1413 824 1467 est,
829 1409 908 1472 quod,
916 1423 1005 1470 marm,
1011 1405 1243 1470 scripsissetpluri·

135 1484 177 1522 ms
193 1475 221 1518 et
231 1473 419 1520 contumeliosa
438 1471 560 1520 adversus
573 1479 704 1520 senatores
715 1474 915 1537 sacerdotesque
924 1473 949 1520 in
965 1474 995 1520 iis
1007 1472 1086 1530 libris,
1096 1485 1158 1535 qnos
1173 1471 1243 1519 Codi-

134 1535 368 1598 ddosappellabat.
389 1535 499 1585 Addebat
512 1537 592 1585 Tutius
603 1537 719 1584 Geminus
728 1538 830 1599 delator,
841 1537 990 1586 venditasse
1000 1537 1072 1584 illum
1082 1535 1150 1585 dous
1159 1535 1243 1586 cess·

603 1681 782 1702 ‘centenno

169 1779 182 1825 l
200 1775 270 1826 Bud.
284 1778 448 1840 Vegetio-2
460 1780 533 1829 Beue
552 1781 668 1831 Pichens
678 1784 740 1845 quod
759 1783 833 1830 motu
845 1795 860 1829 e
871 1781 922 1829 Ms.
932 1780 1002 1828 mor.
1014 1792 1061 1840 pro
1072 1777 1113 1840 psi
1132 1792 1165 1826 ss.
1197 1775 1242 1826 Sic

137 1842 217 1889 etism
230 1841 273 1890 ed.
287 1858 327 1906 pr.
347 1844 399 1892 Me,
411 1843 506 1908 (Bou.)
523 1845 612 1895 orell.
633 1847 781 1896 Emere—t
801 1846 834 1894 1u
844 1846 895 1893 Ms.
909 1844 977 1906 Reg.
992 1842 1089 1891 ludius.
1121 1842 1243 1890 Muretus

135 1906 226 1954 ruallet
246 1907 274 1954 Τ.
291 1907 380 1969 Allius,
397 1909 465 1972 quod
476 1909 565 1972 placet
582 1911 695 1975 Ryclrio,
708 1909 848 1972 proferenti
860 1924 894 1957 ex
905 1909 983 1957 inser.
995 1915 1095 1962 uetere,
1107 1905 1140 1963 Q.
1151 1904 1244 1954 ,illisis

134 1970 208 2021 Mox.
227 1971 360 2022 Consulem.
402 1973 482 2024 Certe
500 1974 526 2023 iu
544 1975 759 2038 inscriptionibus
777 1972 911 2022 veteribus
927 1970 1050 2036 beqneus
1061 1969 1245 2019 Allioruruuo·

635 2120 744 2172 NOTAE

167 2239 179 2262 '
196 2231 284 2281 Plures
292 2248 388 2283 numo
403 2231 465 2298 tots]
494 2235 564 2285 Hist.
576 2235 622 2285 lib.
636 2249 668 2286 ιι.
707 2235 803 2297 centia,
814 2249 847 2284 ne
864 2240 969 2285 senatus
984 2233 1126 2298 >quicquum
1146 2231 1243 2282 cousti-

134 2308 241 2359 ‘Nerno
264 2309 383 2370 privatim
406 2310 530 2374 expedito
553 2311 668 2374 consilio,
707 2317 804 2370 tueret,
823 2310 987 2362 intercessit!
1036 2308 1164 2358 Etenim
1186 2322 1243 2372 ger·

134 2384 204 2435 iuter
215 2385 311 2435 multos
334 2388 460 2439 societate
473 2389 557 2454 culpes
570 2390 669 2442 tution'
707 2403 782 2437 mauu
794 2387 883 2450 lectio,
891 2401 1014 2452 germana
1023 2400 1095 2435 ruens
1107 2386 1161 2450 ejus
1172 2385 1241 2435 loci:

166 2468 184 2493 '
200 2460 327 2511 Fabricius
337 2464 445 2529 Veiento]
458 2467 669 2517 Putoillumesse
708 2480 769 2525 non,
782 2471 812 2513 ut
822 2465 862 2513 vir
872 2463 964 2514 doctus
979 2462 1121 2524 substituit,
1131 2476 1243 2510 mousom·

136 2538 180 2603 qni
191 2537 226 2589 Α.
239 2538 375 2589 Fabricius
388 2542 468 2592 Dioni
487 2542 598 2592 dicitur:
617 2542 670 2607 qui·
707 2545 793 2590 luam.

135 2628 185 2678 que
212 2622 320 2678 praetor,
342 2631 420 2666 canes
449 2618 614 2669 Circensibus
637 2620 669 2669 ad
740 2615 868 2677 Exempla
883 2612 909 2661 iu
927 2612 1017 2662 Tacito
1033 2611 1138 2675 passim,
1155 2609 1187 2659 de
1199 2609 1242 2673 iis,

133 2704 227 2739 currus
238 2690 358 2753 adjunxit
370 2706 417 2755 pro
430 2694 512 2757 equis.
546 2694 652 2758 Lipsius.
708 2691 752 2756 qui
762 2692 889 2754 supremis
900 2689 995 2739 tubulis
1007 2688 1089 2735 multa
1106 2686 1205 2737 atrocia
1215 2686 1242 2735 iu

166 2774 180 2800 ¹
198 2766 229 2815 Irt
241 2766 329 2815 Patres
344 2773 365 2815 el
379 2766 527 2831 Quina]
543 2768 619 2817 Pacis
632 2769 668 2817 in·
708 2768 870 2828 Mscrouem,
880 2766 907 2814 in
917 2766 1048 2815 'liberium
1066 2764 1180 2829 aliosque
1197 2775 1243 2827 po·

134 2840 239 2904 terfuit,
252 2848 280 2890 et
291 2855 307 2890 e
318 2841 444 2906 dignitate
461 2844 549 2907 populi
562 2845 669 2893 Romani
707 2850 793 2893 tentes
806 2844 1009 2906 composuerint.

135 2930 165 2967 sc
186 2916 314 2981 principis
331 2916 390 2980 fuit,
413 2916 479 2967 tales
499 2920 669 2970 contumelias
739 2922 798 2969 Hoc
820 2920 940 2983 exemplo
961 2932 1033 2981 ergo,
1051 2914 1242 2965 maledicentia

134 2992 247 3044 isurosss
267 2993 413 3056 probibere.
445 2994 518 3044 Alius
538 2996 564 3044 id
584 2997 669 3060 protri-
707 3011 760 3045 snae
772 3011 868 3045 carens
878 2995 999 3055 Veiento,
1008 2991 1141 3054 inscripsit
1151 2989 1242 3051 opicos

135 3070 228 3133 bitum,
247 3084 306 3119 cum
324 3070 446 3122 adversus
463 3072 575 3136 insignes
587 3072 669 3122 ioemi·
705 3082 733 3123 et
744 3087 817 3123 oscos
830 3086 873 3121 eos
885 3070 975 3128 libros,
987 3067 1136 3117 codicillos.
1154 3065 1223 3127 Lips.

135 3160 180 3195 uss
204 3145 300 3194 similis
316 3146 412 3208 probra
429 3147 545 3210 jactaret
564 3148 668 3212 publice
741 3146 922 3208 codicillorum]
947 3146 1048 3193 Dicunt
1057 3142 1160 3191 licuisse
1172 3140 1243 3189 inve-

135 3220 254 3271 Romans
264 3222 407 3284 plebecula.
420 3210 613 3289 Quantomsgis
623 3239 665 3273 co·
706 3224 769 3272 bere
784 3223 880 3288 probra
890 3228 919 3269 et
930 3219 1099 3270 contumelias
1118 3218 1145 3266 in
1163 3223 1242 3267 testu·

134 3296 219 3347 irceu
228 3297 256 3346 id
267 3297 369 3359 debuit,
379 3299 501 3349 adversus
518 3300 667 3350 secerdotes
706 3308 804 3363 menta,
815 3312 860 3348 seu
879 3298 1023 3356 codicillos,
1035 3295 1159 3345 adversus
1172 3295 1242 3359 prio·

134 3380 277 3437 patresque
289 3389 296 3422 ε
313 3373 364 3423 hoc
381 3381 467 3424 taureu
490 3390 567 3425 unum
588 3376 667 3425 habet
707 3378 791 3440 cipem
803 3381 831 3425 et
842 3374 923 3434 ulios3
945 3373 1014 3437 qnod
1027 3386 1079 3421 nou
1091 3373 1176 3421 vetuit
1187 3369 1242 3421 An·

134 3450 215 3498 telum
228 3450 386 3513 vulgusque
396 3452 557 3513 potentiores
566 3452 668 3517 legibus
706 3462 807 3517 gustus,
827 3466 876 3501 uon
898 3449 967 3516 quod
987 3450 1135 3498 libertatem
1153 3448 1242 3508 vellet,

134 3540 258 3588 proceres
270 3525 418 3577 ulciscatur.
706 3529 752 3577 sed
765 3529 905 3577 veritatem
927 3526 1061 3587 toleraret,
1071 3531 1100 3573 ut
1120 3524 1165 3588 qui
1181 3538 1243 3573 cou-

164 3606 176 3641 1
189 3600 283 3649 Nomen
294 3601 458 3651 codicilorum
468 3602 576 3665 dedunt]
588 3604 668 3664 Noto,
705 3606 822 3654 scientim
842 3609 871 3652 et
890 3601 1072 3652 dominationis
1089 3606 1157 3649 esset
1167 3612 1241 3649 secu-

132 3673 213 3727 fuisse'
224 3689 333 3736 morem,
350 3684 378 3725 ut
390 3678 415 3726 iu
434 3680 597 3729 testamentis
608 3695 668 3729 con·
706 3695 759 3729 rus.

133 3751 202 3800 sicis
213 3750 335 3815 quaedam
343 3760 372 3801 et
386 3753 480 3815 probra
490 3754 595 3804 liberios
607 3756 669 3805 scri·
739 3756 818 3804 Forte
829 3752 964 3802 Fabricius
978 3752 1027 3800 lrsc
1039 3750 1072 3799 de
1081 3764 1159 3800 causa
1170 3752 1241 3801 Codi-

133 3827 244 3878 berent:
270 3842 330 3891 qum
350 3835 410 3877 onte
429 3828 576 3893 Augustum
596 3831 668 3880 inob-
705 3832 771 3881 cilios
787 3829 896 3879 vocavit.
929 3826 1054 3877 Attamen
1071 3826 1148 3876 video
1166 3842 1241 3891 quos-

134 3911 240 3953 servsta
258 3910 286 3953 et
306 3904 437 3968 permissa.
469 3906 587 3970 Scilicet,
607 3907 668 3971 quia
707 3920 816 3971 cumque
836 3904 937 3953 libellos
951 3906 990 3951 sic
1008 3902 1084 3951 etiam
1103 3901 1240 3965 appellari.

134 3982 260 4046 supremis
279 3982 329 4032 illis
349 3983 442 4032 tabulis
454 3992 482 4033 et
502 3986 562 4033 voci
581 3984 667 4036 danda
708 3985 766 4033 Nec
778 3981 854 4044 ,sorte
874 3981 923 4027 boc
944 3981 1001 4027 loco
1018 3977 1119 4027 codicilli
1136 3976 1185 4037 illi,
1199 3989 1241 4024 sn·

135 4058 272 4109 ridebatur
280 4058 368 4123 aliqua
377 4059 494 4109 libertas.
707 4074 803 4123 premar
824 4056 929 4116 tabulae,
948 4053 994 4103 sed
1013 4059 1114 4102 tantum
1139 4048 1241 4100 emisti

167 4134 288 4185 liranum
299 4136 404 4200 injicere
417 4147 522 4186 senatus
540 4139 667 4201 voluerat,
706 4135 814 4186 fuerunt
829 4132 990 4191 indistincte,
1001 4130 1045 4195 qui
1061 4135 1134 4178 certe
1146 4128 1201 4177 rori
1210 4126 1241 4178 lt-

135 4212 180 4262 sed
190 4212 235 4262 ille
245 4212 316 4261 idem
335 4212 466 4276 princeps,
482 4222 512 4263 ut
529 4214 667 4264 Suetonius
707 4212 747 4265 bri
759 4210 875 4263 fuerunt.
946 4256 949 4263 .

136 4287 181 4351 sit,
196 4292 205 4317 ⁸
215 4286 249 4337 de
263 4286 402 4339 inhibenda
413 4296 626 4341 testamentorum
636 4291 666 4339 li·
