2984 4850
195 357 336 433 nasta
549 358 758 414 unusnrurr
783 360 858 417 nra,
881 360 947 413 xv.
1194 348 1305 427 ‘lm

240 506 297 572 42.
319 502 475 570 Ceterum
489 502 581 569 Nem
594 524 677 571 usus
701 510 756 571 est
777 506 896 589 patriae
919 504 1044 587 ruinis,j
1070 459 1305 595 exstruxitque

230 654 465 705 &mudum
473 654 539 705 ardis
546 656 619 705 raian
627 655 750 718 occuparit
758 656 831 717 Nero,
841 656 1119 722 ‹edificavitqueregiuru
1125 659 1150 707 in
1156 673 1200 723 quu
1207 658 1307 722 pretiosi

664 775 842 803 »retenone

197 878 250 915 non
261 880 277 913 s
286 864 396 929 vulgata
405 865 485 915 Urbis
497 865 611 916 conditae
621 881 683 928 nra,
701 866 748 915 sed
760 866 792 916 ab
804 867 856 915 alia
872 866 1011 917 remotiore
1030 870 1057 916 et
1074 867 1242 927 abstrusiora,
1254 868 1308 921 Ros

197 928 280 979 manis
289 931 367 993 vulgo
378 932 549 993 incomperta,
560 932 760 992 computationis
771 945 823 979 suae
834 931 974 994 primordia
989 932 1135 993 repetiisse.
1169 932 1211 981 Sic
1221 930 1306 981 Tima-

198 994 244 1053 ris,
260 990 373 1054 Siculus,
390 993 459 1057 apud
479 994 635 1058 Dionysium
658 996 922 1055 Halicarnassensem,
943 996 1051 1044 Romam
1073 997 1163 1044 eodem
1176 1011 1226 1058 qno
1244 996 1307 1045 Car·

199 1055 331 1120 timginem
341 1072 418 1120 anno,
429 1058 561 1121 trigesimo
572 1073 665 1122 nempe
677 1069 770 1107 octavo
779 1066 838 1107 ante
848 1059 956 1121 primam
970 1058 1163 1121 Olympiadem,
1174 1058 1307 1109 conditam

198 1121 270 1182 vnlt;
293 1136 325 1171 ac
344 1122 452 1186 proinde
470 1123 527 1184 plus
545 1136 622 1186 quam
641 1124 777 1187 sexaginta
795 1124 868 1171 annis
889 1130 948 1171 ante
966 1125 1098 1181 vulgarem
1119 1124 1153 1171 U.
1164 1124 1195 1172 C·
1216 1137 1305 1173 aram.

199 1184 411 1249 Andqutriorum
429 1186 488 1235 alise
505 1187 590 1235 adbuc
606 1192 749 1249 pomer-unt
765 1200 823 1235 esse
834 1188 978 1236 sententiae.
1012 1185 1043 1235 ld
1056 1186 1122 1235 euim
1135 1200 1215 1249 genus
1226 1186 1307 1236 homi·

198 1263 261 1316 num
272 1257 314 1299 est
333 1250 496 1299 somniorum.
514 1251 670 1300 Erotion-⁷
686 1250 730 1299 lta
753 1250 811 1300 libri
833 1251 926 1313 scrinti
948 1258 975 1298 et
996 1250 1069 1298 editi.
1105 1250 1196 1300 Multis
1207 1252 1307 1323 placat,

199 1318 362 1363 mutent:
381 1328 429 1363 nec
440 1313 516 1381 nobis
527 1314 660 1377 displicet.
694 1313 794 1364 Arnon
807 1320 1051 1379 percantaverunt.
1084 1314 1166 1364 Idem.

696 1418 804 1469 NOTAE

200 1524 241 1561 co.
266 1512 422 1574 Computem
432 1512 464 1560 ab
476 1511 668 1564 urbocondita?
684 1512 735 1563 dis·
775 1513 840 1563 teris
858 1514 992 1577 imponere
1005 1514 1124 1578 voluisse,
1136 1513 1180 1579 qui
1198 1513 1308 1567 totidem

200 1587 346 1649 parratio.
374 1585 637 1650 aurasiacensis?
659 1602 734 1651 aque
776 1590 1103 1650 sunos,menses,etdies,
1120 1590 1309 1655 interutrasque

200 1659 298 1727 dbpar.
331 1662 418 1712 Facile
430 1664 541 1713 collectu
561 1663 609 1712 tibi
628 1677 662 1712 ex
673 1665 735 1713 Fas·
775 1663 896 1713 incendia
918 1680 946 1713 se
969 1666 1106 1727 reperisse,
1128 1666 1309 1727 prodiderunt.

201 1736 244 1786 tis.
279 1737 316 1787 Ut
327 1738 389 1787 milri
399 1754 468 1789 nunc
479 1739 609 1801 ridentur,
619 1742 734 1790 teneoras
780 1738 929 1787 Vestrunlus.

200 1818 272 1872 sunt,
283 1828 347 1878 quas
357 1828 408 1863 non
419 1816 533 1865 illustret
544 1816 600 1880 ipse
612 1816 735 1868 Plroebus.
810 1816 844 1863 Ut
861 1816 959 1865 tolidem
970 1818 1054 1880 maor]
1070 1818 1113 1867 Ne
1130 1831 1215 1867 sumas
1225 1818 1260 1869 de
1270 1833 1309 1870 ra·

201 1886 309 1950 Lipsius.
776 1889 847 1939 tione
868 1896 1014 1954 temporum
1032 1891 1110 1951 seria,
1122 1899 1168 1941 aut
1184 1900 1313 1956 supputa·

239 1964 273 2013 Ut
283 1965 382 2015 totidem
390 1982 463 2015 ornos
472 1968 615 2032 maresque]
627 1970 737 2033 Collige.
778 1964 850 2015 tione
869 1974 1000 2016 accurata.
1040 1968 1173 2016 Vanitatis
1192 1968 1311 2026 homines

202 2039 270 2091 bant
279 2040 358 2103 enim,
367 2046 408 2090 tot
418 2056 499 2091 annos
509 2042 660 2093 interfuisse
669 2045 737 2093 inter
778 2042 876 2091 otiosos
896 2043 980 2106 arguit
998 2044 1115 2104 Tacitus,
1126 2044 1171 2107 qni
1192 2059 1219 2093 eo
1237 2060 1311 2109 usqne

201 2115 275 2164 urbis
297 2114 511 2167 instaurationem
533 2124 561 2167 et
591 2120 738 2169 incendium
777 2131 849 2177 curoe,
871 2130 914 2165 seu
938 2119 1025 2180 potius
1045 2133 1118 2167 vsuae
1141 2119 1310 2183 curiositatis,

202 2192 263 2254 hoc,
281 2202 404 2257 quantum
421 2193 542 2245 interluit
552 2194 585 2244 ab
602 2195 665 2244 urbe
677 2209 738 2244 con·
779 2190 863 2241 dicam
890 2206 993 2241 vesanas
1021 2193 1170 2255 imperitiae,
1191 2194 1313 2256 progressi

202 2265 260 2313 dita
282 2266 427 2317 incendium
454 2268 509 2331 ejus
532 2268 565 2317 ab
592 2268 737 2319 Senonibus
779 2274 849 2331 sunt,
870 2274 900 2317 ut
917 2268 980 2317 talia
1000 2268 1172 2333 inquirerent,
1190 2276 1218 2318 et
1237 2269 1312 2335 qnasi

202 2338 313 2392 factum.
347 2344 469 2394 Fmetus.
777 2343 923 2393 veracredi
936 2344 1042 2393 vellent.
1140 2392 1143 2397 ,
1313 2378 1317 2385 -

234 2418 287 2468 Sed
307 2418 450 2482 &pheloni
469 2418 618 2484 Gergithio,
639 2422 738 2472 Dema·
810 2418 878 2469 Nam
890 2418 1043 2482 prudentes,
1054 2419 1196 2484 prudenter
1205 2422 1315 2484 loquen-

205 2508 285 2558 gotae,
294 2493 444 2558 Agatbyllo,
462 2497 597 2545 Damastlri
613 2497 740 2561 Sigeensi,
779 2500 861 2557 tenet
873 2497 964 2558 vulgus
976 2499 1055 2559 atque
1067 2510 1082 2544 e
1095 2495 1174 2545 trivio
1185 2497 1316 2559 homines,

204 2569 351 2633 Aristoteli,
369 2571 466 2633 callia,
486 2572 636 2634 Agotbocli,
652 2573 738 2621 Xena·
778 2569 867 2632 inepte
889 2583 960 2632 sape
980 2576 1008 2618 et
1031 2568 1143 2620 absurde
1165 2569 1266 2621 fabulas
1283 2579 1313 2624 et

205 2660 286 2710 gorne,
304 2645 431 2709 Dionysio
450 2646 627 2708 Chalcidensi,
647 2647 738 2696 Antio·
778 2644 865 2694 inania
875 2644 1031 2695 disserentes
1051 2646 1153 2696 inducit
1169 2647 1315 2712 Cornelius,

205 2721 255 2770 cbo
265 2722 434 2784 Syracusano,
442 2721 538 2771 Timaeo
547 2721 645 2785 Siculo,
662 2724 740 2786 Poly·
780 2726 807 2769 et
820 2735 866 2783 pro
887 2736 985 2770 sunrmo
993 2721 1096 2786 judicio
1114 2722 1236 2774 decorum
1255 2723 1312 2776 ubi·

207 2795 261 2858 bio,
279 2796 311 2845 L.
331 2795 430 2856 Cincio,
456 2797 495 2845 Μ.
518 2796 610 2846 Portio
638 2797 740 2861 Catoni,
779 2804 937 2862 questrat.

206 2871 301 2934 Crispo
322 2871 454 2934 Sallustio,
473 2872 576 2921 Velleio
598 2873 739 2923 Paterculo
812 2871 882 2921 Audi
895 2874 960 2922 tales
972 2873 1085 2923 homines
1098 2873 1313 2924 similiterinania

206 2949 241 2999 de
252 2949 331 3000 initiis
349 2951 420 3000 urbis
433 2951 522 3000 Romae
538 2966 589 3001 non
601 2952 739 3002 convenit:
780 2945 978 3000 confabulantes
996 2949 1065 3011 apud
1077 2950 1141 2998 Tac.
1153 2963 1173 2998 ι.
1184 2953 1210 2998 9.
1225 2950 1316 2999 ‘Mul-

205 3039 267 3075 nam
284 3025 426 3091 antiquitas
444 3028 545 3077 creavit
561 3041 684 3091 errorem,
702 3027 740 3077 ait
781 3029 823 3072 tus
834 3023 893 3072 hinc
904 3024 959 3086 ipso
969 3022 1001 3071 de
1011 3024 1128 3086 Augusto
1140 3039 1241 3074 sermo:
1260 3027 1315 3089 ple·

206 3099 323 3150 Servium
781 3098 867 3160 risque
889 3113 957 3146 vana
973 3098 1135 3161 mirantibus,
1156 3100 1225 3163 quod
1244 3100 1313 3152 idem

240 3177 284 3225 De
303 3175 442 3226 illotamen
459 3175 652 3226 Halicamassei
663 3175 707 3224 lib.
720 3191 740 3225 1.
781 3174 837 3222 dies
855 3173 959 3236 accepti
971 3175 1099 3238 quondam
1116 3175 1220 3240 imperii
1240 3176 1312 3241 prinss

208 3248 356 3314 Originum,
375 3258 507 3314 superstes
516 3259 556 3300 est
575 3252 742 3317 diligentissiq
782 3263 854 3312 ceps,
865 3255 893 3298 et
904 3249 964 3298 vitae
982 3264 1133 3312 supremus:
1152 3253 1220 3317 quod
1237 3255 1319 3320 Nola¹

206 3339 251 3374 ma
260 3324 415 3390 disquisitio.
443 3326 618 3391 Vernmapud
630 3335 658 3377 et
669 3328 741 3376 illum
781 3324 808 3372 in
830 3323 906 3374 domo
923 3329 951 3374 et
973 3323 1102 3386 cubiculo,
1120 3325 1147 3374 in
1165 3342 1216 3391 quo
1237 3335 1314 3392 pater

207 3405 238 3451 e't
251 3400 353 3452 Livium
372 3402 400 3450 in
418 3403 466 3451 lroc
479 3403 742 3457 consentirmtarmto·
782 3401 840 3464 ejus
851 3401 985 3460 Octavius,
997 3401 1076 3450 vitam
1087 3401 1222 3456 linivisset.
1279 3437 1282 3442 «

207 3491 260 3540 res,
281 3491 315 3526 ne
340 3478 429 3541 plnres
456 3477 582 3526 trecentis
608 3479 743 3540 sexaginta
815 3476 885 3527 Nota
895 3473 924 3524 rb
934 3491 995 3524 trano
1006 3477 1156 3540 mirantibus,
1167 3480 1211 3543 qui
1225 3481 1314 3544 plures

207 3552 324 3618 quinque
343 3552 417 3602 annis
438 3567 454 3600 a
472 3552 580 3602 condita
598 3552 631 3601 ad
657 3553 743 3602 incen·
782 3553 1051 3614 numeroetevulgo.
1075 3554 1242 3606 Namstatim
1254 3571 1316 3621 pru.

208 3641 263 3677 sam
272 3641 288 3674 a
296 3626 380 3676 Gallis
392 3627 679 3689 urbem,numerentur;
692 3643 743 3692 quo
783 3626 874 3676 dentes
885 3629 962 3692 longe
973 3628 1130 3690 sapientiora
1145 3629 1275 3681 disserunt
1283 3643 1316 3682 ae

208 3708 327 3766 tempore
346 3701 506 3752 reaedificata
521 3702 605 3752 Roma
623 3708 680 3752 est:
699 3719 743 3752 cx·
782 3703 922 3766 loquuntur
933 3703 1051 3766 sequenti
1059 3705 1147 3766 capite
1158 3706 1216 3755 libri
1228 3707 1316 3770 primi.

208 3776 271 3827 inde
283 3791 345 3826 vero
356 3778 388 3826 ad
408 3776 555 3828 incendium
571 3777 644 3840 jussu
657 3778 742 3827 Nero·
783 3778 876 3842 Itaque
888 3778 1011 3827 vanitatis
1023 3781 1107 3842 arguit
1116 3782 1181 3830 tales
1192 3781 1319 3832 confabns
1386 3831 1389 3836 .

207 3854 250 3903 nis
271 3852 379 3916 factum,
400 3869 479 3904 unum
497 3855 688 3919 qninquaginta
715 3861 744 3905 et
783 3857 889 3917 latores,
900 3855 943 3920 qui
962 3862 1097 3907 sectantur
1115 3859 1152 3906 sic
1163 3872 1240 3906 vanas
1256 3873 1316 3922 pro·

209 3927 412 3994 quadringentos
423 3931 636 3993 annosreperias.
695 3919 707 3934 “
783 3929 916 3994 portiones
928 3932 1097 3995 temporivus
1107 3933 1166 3993 loci,
1177 3933 1320 3996 mansium,

243 4003 419 4056 Quamobrem
429 4006 463 4055 de
474 4003 668 4069 vetustioribus,
680 4009 744 4069 quot
784 4004 893 4068 dierum,
905 4011 933 4054 et
944 4021 1077 4077 annorum.
1101 4005 1178 4059 Ridet
1190 4023 1193 4032 ·
1206 4021 1254 4056 ana
1269 4007 1318 4066 illa

209 4086 352 4144 snpemunt
370 4087 500 4146 suctores,
520 4087 562 4131 tot
579 4082 673 4130 misere
689 4082 743 4144 lap·
782 4080 886 4144 ingenia
897 4080 1036 4143 bominum,
1046 4083 1094 4153 'qui
1104 4081 1212 4131 fortuita
1222 4087 1250 4130 et
1261 4081 1316 4132 ina.

209 4169 263 4223 sos,
274 4161 437 4208 autnecesse
454 4163 496 4209 est
511 4156 611 4222 dicere,
627 4163 673 4207 aut
684 4169 744 4221 pos·
783 4157 827 4208 nia
837 4172 896 4208 curu
913 4172 1084 4224 magnacum
1099 4157 1316 4228 inquirunt,qus2
